3178 4880
302 325 403 380 xxm
748 285 977 383 Patauium.

412 508 591 591 Sipebertus
619 510 854 576 Gemttacensis
876 509 961 576 inter
982 511 1081 575 merita
1104 509 1173 575 alia
1203 530 1299 591 opera
1328 509 1424 575 etiam

310 596 503 664 Wictutineti
537 598 631 663 tibris
663 619 741 665 usus
774 605 819 664 est
829 600 849 681 1,
882 600 939 665 sect
967 598 1053 664 treci
1081 598 1268 664 narrationi
1296 600 1425 664 studens

304 707 476 752 sermonem
504 687 619 770 ntique
647 688 716 767 fere
744 687 890 769 mutarit,
921 694 956 752 ut
985 707 1062 752 raro
1092 687 1209 753 corticis
1238 689 1279 752 ab
1305 708 1340 752 eo
1370 688 1424 753 oot-

304 773 397 840 toititi
420 775 579 841 tectionem
603 775 783 858 perspicere
806 775 908 843 liccat.
955 776 1058 856 Infra
1075 797 1110 858 p.
1131 781 1182 857 84,
1207 798 1239 841 n.
1265 798 1282 842 c
1306 775 1429 842 cnmC

303 863 387 928 miro
416 867 507 930 moeto
530 864 682 931 conuenit.
729 866 775 931 In
800 865 876 932 Vita
898 886 1017 948 onmem
1040 863 1211 930 Deoderici
1233 866 1264 930 Ι.
1289 862 1456 947 episcopis

304 953 472 1018 Mettensis
495 975 558 1019 nno
582 953 707 1036 quictem
730 955 794 1020 loco
816 953 1049 1020 Wieinioinctnm
1072 952 1249 1019 adtribuat

412 1042 589 1108 Annalista
613 1044 699 1108 Sauo
723 1065 793 1109 cnm
815 1043 1001 1124 Frntotfum
1024 1049 1089 1108 tnm
1111 1041 1344 1108 Wietutinrium
1370 1045 1424 1109 aa·

305 1130 416 1211 tibuit,
441 1153 479 1196 ea
501 1131 627 1213 quidem
649 1131 782 1214 ratione,
806 1138 842 1196 nt
857 1133 945 1198 Sauo
960 1132 1117 1197 nonnulla
1136 1131 1244 1213 capita
1260 1133 1423 1213 praebeat,

305 1240 384 1301 quae
408 1220 559 1301 Frntotfo
582 1222 724 1302 cescum,
752 1219 925 1286 sedetiam
948 1223 985 1286 a
1008 1220 1173 1303 capitibus,
1204 1219 1318 1302 quitus
1340 1220 1425 1286 Fru-

305 1308 402 1387 totfns
429 1310 548 1391 pendet
576 1330 614 1374 en
643 1309 856 1388 Wietuicindo,
888 1311 933 1374 ad
960 1309 1065 1394 nisum
1094 1315 1252 1375 auctorem
1282 1330 1425 1374 reuersas
1444 1330 1472 1370 ιο

306 1396 356 1462 sit.
405 1399 535 1463 Secutus
564 1405 610 1463 est
636 1398 772 1464 codicem
794 1398 861 1464 Bl
887 1404 958 1463 et2
989 1397 1195 1479 simillimum,
1225 1419 1316 1480 quem
1345 1397 1426 1464 satis

306 1493 453 1553 accurate
475 1486 638 1569 expressit,
661 1487 708 1552 ita
731 1495 767 1552 ut
787 1487 914 1570 saepius
937 1489 981 1552 aa
994 1508 1102 1552 ceram
1118 1486 1278 1553 tectionem
1293 1488 1425 1566 rinnan-

306 1577 380 1640 dam
402 1576 510 1655 facere
526 1575 638 1658 possit.

413 1664 741 1747 Mapdeturpensinm
763 1686 882 1748 queam
904 1664 1086 1730 Annalium
1113 1671 1223 1730 auctor
1251 1664 1288 1730 in
1313 1685 1426 1747 pupna

307 1753 530 1833 Lectotetciensi
560 1754 767 1820 describenda
796 1754 988 1820 Wiotutinrti
1017 1753 1133 1820 tibrum
1163 1753 1359 1835 suscripsit4,
1389 1752 1426 1819 ni
1445 1773 1472 1814 a

305 1843 389 1922 forte
410 1842 557 1908 Annales
580 1843 838 1926 Nientnrpenses
861 1842 1024 1925 deponenti,
1048 1863 1126 1925 qnos
1148 1842 1323 1925 descripsit,
1349 1843 1426 1908 taec

307 1930 413 2012 capita
443 1931 508 1994 iam
539 1932 754 1996 continuerint
764 1933 784 1994 ⁵.
832 1932 1005 2013 Lectiones,
1036 1952 1124 2013 quas,
1155 1952 1235 2013 qnae
1264 1931 1301 1996 in
1330 1953 1425 2013 appa·

307 2025 413 2084 ratum
443 2019 587 2085 criticum
616 2021 841 2102 reciperentur,
873 2041 937 2086 non
967 2021 1122 2102 indipnas
1144 2020 1232 2101 duni,
1264 2041 1334 2086 ciem
1356 2019 1423 2084 Bl

307 2108 376 2187 fere
398 2108 597 2175 conueniunt.
648 2109 793 2175 Codicem
821 2110 951 2175 unicum
974 2131 990 2174 e
1014 2109 1198 2174 bibliotheca
1220 2108 1311 2192 repia
1334 2109 1426 2174 Han·

308 2199 494 2262 nouerana6
516 2195 690 2263 liberanter
712 2199 772 2264 hnc
795 2198 1018 2264 transmissum
1040 2197 1166 2263 contnti.
1446 2219 1474 2260 no

416 2286 461 2351 In
492 2286 567 2350 Vita
589 2286 761 2352 Attmanni
784 2287 921 2370 episcopi
943 2286 1169 2352 Pataoiensis⁷
1192 2293 1221 2352 et
1243 2293 1327 2352 tenta
1355 2306 1428 2368 ouo

309 2376 383 2440 darn
418 2376 455 2440 de
484 2375 680 2458 Apocalypsi
714 2399 744 2441 a.
779 2381 873 2440 1243.
910 2376 1104 2456 conscripto⁸
1133 2375 1290 2440 nonnulla
1318 2375 1429 2443 Widn·

309 2463 402 2528 tindi
425 2463 533 2548 capita
556 2465 702 2531 adhibita
725 2485 790 2530 csse
812 2466 936 2531 monuit
956 2466 1007 2532 W.
1027 2465 1234 2531 Wattentact
1244 2467 1266 2528 ⁹.

421 2551 665 2636 Otronoprapti
688 2552 843 2620 Saronici
859 2553 1049 2637 posterioris
1072 2553 1143 2618 aeoi
1158 2554 1271 2636 piures
1292 2554 1429 2633 fortasse

316 2641 549 2708 Widutinetum
570 2643 757 2724 tabenrunt,
782 2643 818 2708 iet
838 2646 923 2726 qnod
943 2644 981 2708 ete
1009 2641 1160 2708 Gotetino
1179 2643 1302 2707 Persou
1327 2639 1428 2722 (1358
1448 2663 1476 2704 a

311 2729 728 2814 —1421)constat1⁰,sec
752 2731 878 2815 intepra
900 2734 996 2797 certa
1025 2732 1131 2796 nuitns
1160 2730 1326 2813 exscripsit
1355 2738 1430 2796 ante

316 2819 532 2902 Trittoeminm,
556 2820 612 2902 qui
634 2821 780 2902 quamuis
796 2822 982 2903 plerumque
1004 2820 1146 2900 Frutotti
1173 2820 1330 2886 Chronico
1352 2841 1430 2884 unes

311 2911 361 2991 sit,
385 2915 490 2976 tamen
505 2909 681 2975 eiectionem
697 2917 726 2975 et
740 2909 974 2976 coronationem
993 2909 1116 2976 Ottonis
1135 2915 1214 2974 certe
1231 2907 1430 2975 Widntoinrio

310 3001 387 3065 duce
409 2999 604 3080 narrauitss,
628 3020 724 3081 quam
741 2998 887 3081 plurima
909 3020 982 3063 oero
1004 3020 1064 3064 sna
1087 2998 1192 3063 indole
1214 2997 1348 3064 addidit.

421 3087 647 3153 Theodericum
670 3092 708 3154 rte
732 3087 828 3153 Niem
851 3088 888 3153 in
911 3089 1032 3153 titetto:
1059 3088 1245 3172 Privilegia
1268 3090 1329 3151 aut
1352 3087 1429 3152 iura
1448 3106 1476 3147 so
1576 3089 1578 3122 ³

310 3178 446 3261 imperii
477 3179 567 3242 circa
599 3179 822 3244 investituras
853 3179 1111 3262 episcopatuum
1145 3181 1180 3241 et
1210 3176 1427 3241 abbatiarum

312 3332 338 3402 1)
359 3332 500 3397 Chronica,
520 3332 568 3386 SS.
585 3333 631 3398 VI,
648 3349 676 3399 p.
689 3336 750 3388 839.
770 3336 831 3387 340,
850 3335 1000 3388 346-351.
1073 3335 1101 3400 2)
1122 3333 1206 3398 Infra
1220 3348 1249 3400 p.
1263 3334 1306 3397 38,
1321 3349 1348 3386 n.
1362 3349 1387 3400 g.
1401 3331 1428 3387 h.

310 3403 534 3469 3)I,36.II,1.
555 3406 596 3458 10.
617 3404 1165 3471 20 23pq.27.28.3·2.111,52⁸qq.
1237 3405 1265 3470 4)
1287 3403 1334 3457 SS.
1348 3403 1429 3467 XVI,

306 3493 336 3542 p.
357 3477 476 3540 145sqq.
567 3475 595 3543 5)
622 3475 664 3538 Of.
684 3475 721 3530 H.
740 3473 837 3539 Herre,
857 3475 1038 3541 ‘Itsenbnrper
1056 3476 1181 3527 Annaten
1206 3475 1250 3526 als
1269 3474 1357 3537 Qieeltc
1381 3475 1430 3526 der·

310 3545 426 3597 Peitlcter
446 3545 581 3597 Chronitc'
599 3546 703 3613 (Leipe.
724 3547 806 3610 1890)
824 3563 853 3612 p.
872 3549 916 3601 20.
1001 3546 1027 3614 6)
1047 3545 1096 3600 It'r.
1117 3549 1195 3602 1100.
1233 3546 1274 3610 Cf.
1294 3545 1327 3601 Ε.
1347 3546 1430 3597 Bode-
1449 3555 1476 3596 ³⁶

310 3633 402 3682 mann,
423 3616 482 3668 ‘Die
500 3615 719 3681 Huncisctriften
737 3617 786 3668 der
801 3617 912 3683 Krinipl.
931 3618 1028 3682 iffentt.
1049 3617 1200 3669 Bracarum
1217 3634 1253 3668 zu
1270 3615 1428 3670 Hannoou·'

311 3689 407 3751 (1867)
429 3689 539 3754 12220.
614 3690 640 3755 7)
669 3688 716 3742 SS.
736 3688 806 3753 XII,
828 3705 858 3754 p.
878 3691 939 3742 229.
1012 3688 1039 3756 8)
1065 3689 1201 3755 Scriptum
1225 3704 1307 3755 suuper
1326 3690 1430 3755 Apoca-

311 3761 408 3826 tppcr'm
433 3775 491 3811 cunc
516 3761 689 3825 imapinibus.
726 3759 813 3812 Codes
837 3761 950 3827 capituti
973 3761 1108 3827 antropol.
1127 3759 1211 3825 Prap.
1237 3760 1337 3824 (dictus
1354 3760 1430 3810 Wan-

310 3831 391 3882 cestai
413 3831 542 3889 doctoris)
566 3832 626 3885 edit.
652 3847 670 3882 a
695 3846 752 3898 cap.
778 3831 910 3899 antropol.
936 3831 1056 3896 (Prupac
1084 3832 1165 3896 1873)
1191 3848 1217 3898 p.
1246 3833 1306 3892 100,
1332 3830 1377 3884 cot.
1404 3832 1429 3884 2.

310 3902 339 3966 9)
365 3901 467 3964 ‘aaa’
487 3903 524 3955 ert.
544 3905 569 3956 6.
594 3903 636 3966 II,
657 3920 687 3970 p.
707 3905 749 3957 77.
775 3905 836 3960 254.
946 3902 990 3971 10)
1017 3903 1058 3967 Of.
1084 3902 1254 3968 Hapemann,
1275 3901 1371 3954 ‘Umor
1388 3902 1431 3952 die
1448 3911 1478 3951 40

312 3972 418 4036 Quatten
439 3974 484 4025 des
505 3972 661 4025 Gohetinus'
679 3975 807 4037 (Dissert.
826 3972 892 4028 Hal.
913 3975 994 4038 1874)
1016 3990 1045 4039 p.
1065 3975 1108 4028 48.
1128 3975 1170 4028 49.
1210 3972 1262 4036 aas
1287 3972 1337 4024 ioci
1360 3972 1431 4038 arcad

311 4047 340 4095 in
359 4046 503 4096 nouissima
521 4045 634 4097 editione
651 4061 668 4095 a
687 4045 882 4096 Manimittauo
900 4045 997 4096 Iansen
1013 4051 1126 4110 par-ota,
1141 4043 1431 4109 ‘Veriffeuttictnnpeu

310 4117 360 4168 oter
382 4114 570 4168 Histoe-iscium
598 4116 780 4168 Kommission
808 4119 857 4180 fur
880 4114 1040 4178 Westfalen'
1067 4117 1144 4180 1000,
1172 4131 1227 4167 uon
1252 4130 1341 4167 ornnes
1367 4119 1430 4165 sunt

310 4190 414 4253 recepti,
434 4188 523 4250 facere
541 4202 595 4239 non
611 4201 730 4254 possum,
749 4188 815 4254 proin
833 4187 1008 4252 vituperando
1028 4201 1155 4241 erroneam.
1201 4187 1293 4252 Ipr'tur
1307 4187 1430 4252 priorem
1562 4200 1567 4215 ·

310 4258 447 4310 Metbornii
464 4259 601 4311 editionem
613 4259 756 4323 (Francos.
771 4260 853 4323 1599)
871 4258 913 4308 tic
932 4258 985 4309 illic
1003 4257 1126 4309 adtribue
1143 4259 1228 4312 stetui.
1302 4256 1346 4324 11)
1358 4256 1430 4310 Aron.
1449 4266 1480 4308 fl
1570 4291 1571 4296 ,

310 4329 443 4396 Hirsaup.
462 4330 486 4394 I,
506 4346 535 4395 p.
550 4332 591 4384 73.
606 4332 648 4384 74.
