3202 4874
290 328 430 386 RERUM
449 321 661 387 GESTARUM
679 327 961 386 SAXONIOARUM
979 330 1051 387 LIB.
1070 331 1127 388 111.
1234 335 1270 389 80

145 515 265 597 posset
287 533 359 577 una
380 513 522 597 potione
545 513 694 578 telorum
719 513 964 578 Saxonicorum
995 517 1127 597 septem
1157 513 1268 578 obsor·
1280 522 1341 578 046.

147 602 265 666 bere⁸.
308 601 364 665 Ad
388 603 480 684 quod
503 622 563 667 rex
586 602 758 667 famosum
782 602 866 666 satis
890 595 1026 666 redditb
1049 621 1267 686 responsum:

146 690 215 754 sibi
237 710 318 756 vero
342 689 438 755 fore⁰
461 694 597 755 tantam
621 691 881 756 multitudinem

335 810 371 865 A.
389 811 415 862 Β
427 812 450 865 1.
469 813 495 866 2.
992 809 1020 864 0,

111 901 333 986 spilleorum
393 898 646 968 foeninorumd·
660 903 681 982 ¹,
736 903 920 988 pilleorum
959 923 1000 968 ex
1037 903 1159 967 culmis
1194 923 1269 967 oon·

145 1011 233 1074 quos
245 991 277 1056 ei
292 992 484 1076 presentari
495 995 681 1076 oporteret,
736 995 911 1056 textorum
922 991 943 1070 ¹,
968 992 1108 1074 quossi
1135 1011 1268 1076 presen-

145 1083 315 1163 quantam
334 1100 398 1145 nec
413 1081 488 1164 ipse
504 1101 567 1145 neo
579 1084 683 1205 pater
735 1081 804 1144 tari
820 1083 1006 1164 oporteret,
1024 1084 1189 1164 quantam
1204 1101 1269 1146 nec

145 1187 230 1232 suus
246 1173 429 1253 umquam⁰
445 1169 571 1234 viderit
598 1218 605 1234 .
636 1169 682 1232 llt
736 1170 809 1254 ipse
848 1189 912 1234 nec
947 1171 1045 1252 pater
1079 1189 1161 1232 suus
1198 1190 1269 1232 um-

144 1277 276 1336 revera‚
308 1278 384 1322 cum
415 1260 505 1322 esset
537 1278 682 1341 magnus
736 1279 839 1342 quam
862 1257 998 1322 viderit.
1046 1257 1091 1320 ut
1116 1277 1267 1335 revera,

97 1369 126 1408 10
144 1345 248 1410 valde
295 1346 466 1411 exercitus
481 1347 502 1424 ²,
549 1347 679 1410 XXXt
737 1367 814 1410 cum
854 1349 945 1411 esset
985 1366 1130 1429 magnus
1167 1346 1268 1412 valde

145 1434 281 1499 scilicet
305 1434 451 1498 duarum
473 1435 679 1519 legionum³‚
736 1435 924 1512 exercitus,
982 1434 1085 1498 XXX
1137 1435 1269 1499 seilicet

146 1515 265 1605 [ferei]
309 1544 379 1587 non
418 1526 471 1588 est
509 1524 680 1602 inventus,
736 1525 884 1587 duarum
906 1523 1092 1607 legionum,
1121 1526 1268 1588 nonest

143 1613 206 1693 qui
239 1611 381 1676 foenino
416 1632 486 1676 non
524 1615 682 1677 uteretur
735 1612 906 1688 inventus,
941 1613 1000 1694 qui
1030 1611 1268 1675 huiuscemodi

143 1699 262 1783 pilleo,
734 1721 805 1764 non
853 1703 1011 1765 uteretur
1054 1703 1266 1782 tegumento,

96 1801 123 1840 1⁵
360 1785 386 1837 Β
398 1787 421 1840 l·
441 1788 466 1840 2.
735 1790 803 1854 nisi
847 1789 1041 1853 rarissimus
1091 1787 1234 1872 quisque
1245 1788 1266 1850 ⁵.

143 1876 236 1940 nisi4
269 1871 451 1942 Oorbeius¹
486 1878 592 1943 abbas
624 1898 680 1942 no·
736 1875 879 1942 Certus6
896 1879 1010 1941 autem
1024 1877 1139 1940 factus
1156 1875 1198 1941 de
1212 1878 1268 1940 ad·

143 1959 261 2030 mine¹¹
303 1966 397 2030 Bovo
444 1988 522 2031 cum
567 1967 680 2031 tribus
734 1969 842 2030 ventu
865 1966 955 2049 regis
979 1965 1119 2047 Bagam,
1143 1965 1268 2030 timore

143 2047 238 2117 suis¹
291 2054 505 2137 sequacibus.
579 2050 677 2120 Hick
735 2076 870 2140 quoque
893 2055 1107 2140 perterritus,
1137 2053 1268 2118 dimisit

144 2146 222 2207 erat
244 2143 298 2206 vir
320 2144 456 2227 sapiens
485 2165 525 2208 ac
556 2144 678 2221 clarus,
734 2143 1004 2208 Luthuvieumm.

96 2304 124 2343 πο
143 2298 363 2349 a)absorberc132.
377 2299 445 2338 Sero.
504 2297 528 2350 b)
541 2300 572 2338 sie
586 2302 612 2342 Δ.
626 2299 672 2342 Bt.
687 2299 716 2348 0,-
730 2297 966 2342 reddidissemus.
980 2298 1048 2342 Saxo.
1072 2299 1105 2346 Of.
1120 2307 1189 2348 aupra
1199 2299 1267 2347 aaa,

143 2363 168 2392 a.
187 2363 207 2394 s.
275 2353 296 2400 c)
315 2362 364 2392 asse
382 2353 430 2396 Ba.
505 2351 529 2402 d)
547 2353 693 2392 femineorum
708 2353 776 2403 Saso,
793 2353 859 2391 etita
873 2356 931 2401 post.
998 2354 1019 2401 e)
1037 2362 1143 2400 umquam
1163 2362 1204 2394 om.
1220 2351 1267 2394 Bl.

143 2402 269 2453 oulderet
281 2403 331 2446 Ba.
343 2405 408 2445 nris.
448 2407 470 2454 g)
484 2407 515 2444 uic
524 2406 606 2448 1431.
616 2406 678 2448 liat.
689 2406 761 2454 Suam
777 2405 869 2455 triginta
883 2405 930 2445 ΒΞ.
972 2405 996 2454 h)
1010 2406 1058 2445 fers
1067 2405 1158 2455 praebet
1171 2405 1230 2444 solus
1239 2405 1267 2454 A,

144 2459 183 2497 uti
197 2469 250 2496 moa
265 2458 330 2497 verta
343 2459 387 2498 nisi
401 2457 508 2498 (torbelus
522 2459 592 2498 abbas
606 2479 633 2488 -
646 2461 750 2510 martyris
762 2460 808 2500 Viti
821 2461 853 2508 (p.
862 2460 896 2510 90,
911 2459 926 2502 l.
936 2460 972 2508 21)
986 2459 1080 2498 melate.
1145 2457 1162 2510 l)
1175 2459 1206 2497 aie
1220 2459 1241 2497 t.
1253 2459 1267 2501 l.

144 2512 212 2551 aiam
226 2511 274 2560 Ba,
293 2512 321 2559 ef.
336 2523 405 2561 supra
415 2523 440 2561 p.
450 2513 470 2561 1,
485 2523 533 2556 aa
552 2516 572 2550 et
589 2513 653 2560 infra
666 2524 691 2562 p.
700 2513 735 2560 90,
750 2513 796 2555 aas.
860 2511 884 2563 k)
903 2513 990 2552 nomine
1004 2513 1066 2552 Bovo
1080 2516 1100 2550 et
1113 2511 1155 2551 Hic
1173 2516 1223 2552 erat
1240 2533 1266 2541 -

97 2568 125 2608 tt
144 2565 254 2615 martyris
263 2563 311 2606 viu
324 2565 369 2608 des.
381 2565 451 2615 risu,
466 2567 495 2613 cf.
511 2565 571 2605 Sasu
585 2577 611 2615 p.
624 2565 672 2608 000.
685 2565 733 2606 607.
787 2565 804 2617 l)
817 2577 863 2614 seq.
877 2567 923 2606 suis
937 2566 984 2608 1³1.
1038 2565 1070 2616 m)
1083 2567 1114 2604 sic
1127 2566 1148 2607 t,
1162 2566 1176 2607 l.
1191 2565 1214 2608 0.

145 2673 174 2739 1)
201 2670 353 2722 satiamus
370 2670 414 2722 bic
433 2673 603 2738 potissimum
622 2670 750 2723 Ratberii
767 2671 926 2723 Veronensis
948 2671 1065 2737 episcopi
1087 2671 1170 2723 mm
1195 2673 1267 2737 [iane

144 2758 163 2792 a
182 2742 265 2794 Beato
280 2741 420 2807 amano,
440 2743 503 2796 Ber.
524 2743 709 2796 demuntur.
728 2743 745 2794 l.
761 2743 801 2808 II,
817 2759 847 2808 p.
862 2744 922 2805 181,
941 2741 1079 2807 aiciumJ,
1098 2743 1168 2793 unde
1181 2742 1268 2809 pi'leos

143 2815 277 2865 stramine
294 2813 423 2877 consedes
439 2813 594 2866 smoniae
608 2815 738 2881 proprios
756 2814 841 2876 fuisse
858 2818 979 2875 omniun
1004 2815 1134 2878 easmipsi
1150 2828 1209 2864 eum
1235 2829 1268 2866 ea·

143 2885 231 2936 codice
244 2886 320 2950 rapio
332 2885 487 2937 Monacensi
499 2900 566 2938 saec.
579 2885 615 2940 X.
632 2885 679 2948 sol.
691 2887 706 2939 7
720 2884 867 2952 [Ineectiva
879 2885 911 2936 de
923 2884 1063 2938 Translat.
1076 2884 1103 2938 S.
1117 2883 1267 2948 Maronia,-

97 2971 125 3011 to
146 2955 224 3022 oper.
250 2955 307 3010 edd.
334 2955 470 3008 Balterini
495 2957 541 3010 ool.
568 2957 620 3010 309
635 2956 710 3022 sq.]:
737 2953 852 3007 Sanctus
880 2954 931 3007 iste
957 2953 1031 3008 nuda
1056 2952 1213 3007 seminudus
1239 2959 1267 3008 et

144 3025 349 3092 inequalissima
373 3025 549 3080 volutabatur
574 3025 670 3079 diebus
696 3041 727 3078 ao
751 3025 876 3078 noctibus
900 3041 951 3093 per
975 3024 1149 3093 septennium
1173 3023 1266 3082 huma.

144 3094 204 3150 Nos
222 3095 361 3150 criminosi
373 3097 482 3150 veniam
500 3097 632 3166 rogaturi,
650 3096 764 3164 pilleum
776 3096 903 3149 villosum
916 3095 1029 3164 capillis,
1042 3112 1109 3164 quos
1121 3095 1266 3150 extrahere

144 3165 266 3236 lugendo
285 3166 475 3234 debueramus,
493 3184 529 3221 ne
547 3166 748 3238 infrigidemur,
767 3165 1012 3235 superinducimus,
1031 3167 1088 3220 eius
1107 3166 1207 3234 cuphia
1218 3168 1265 3220 nix

144 3237 251 3307 grando
269 3242 299 3292 et
317 3255 383 3292 aura
401 3241 461 3291 erat
477 3238 627 3294 imbrifera.
663 3237 799 3291 Hiemalis
817 3239 882 3291 satis
900 3237 977 3308 rigor
995 3237 1193 3305 incommodus,
1219 3239 1266 3307 qui

98 3324 125 3364 ss
144 3309 250 3362 lavaret
269 3308 364 3378 utique
383 3308 456 3378 quod
474 3310 648 3362 commiserat
672 3309 766 3366 scelus.
809 3307 864 3362 Pro
890 3309 982 3377 pilleo,
1009 3325 1091 3376 quem
1116 3309 1200 3362 moris
1225 3314 1266 3362 est

144 3379 250 3433 incesta
268 3381 351 3433 etiam
372 3380 545 3450 generalitati
570 3380 684 3434 adversa
701 3381 746 3435 vel
771 3379 892 3434 eiusdem
918 3381 1097 3434 estimationis
1122 3379 1266 3434 innumera

143 3451 315 3520 plangentes,
334 3450 471 3520 pelliculis
490 3452 604 3505 exoticis
622 3452 695 3504 intus
714 3451 822 3520 farcire,
834 3451 953 3505 brumali
967 3455 1049 3520 caput
1064 3451 1148 3519 ipsius
1161 3451 1265 3520 operic-

143 3521 227 3575 batur
245 3522 382 3592 lanugine.
414 3521 559 3590 Stipularis
577 3522 627 3575 illa
644 3522 713 3576 ritus
726 3521 854 3577 Saxonici
873 3539 982 3576 camera
1001 3539 1082 3590 quam
1101 3521 1195 3576 vertici
1213 3537 1265 3590 pro

143 3591 257 3646 vitando
285 3593 348 3646 solis
375 3592 520 3661 imponunt
547 3592 659 3661 ardore,
691 3591 818 3647 Phoebus
845 3594 886 3646 illi
914 3597 972 3647 erat
999 3591 1171 3646 flamivomus
1198 3592 1263 3660 ipse.

97 3679 125 3718 ιο
143 3664 282 3721 PERTZ.
318 3665 360 3730 Cf.
376 3665 466 3731 Vopel,
484 3664 686 3731 ‘liutherius'L
703 3681 734 3731 p.
749 3668 811 3720 260.
847 3665 957 3717 Talibus
974 3666 1130 3731 tepumentts
1145 3663 1266 3716 Saxones

143 3737 224 3787 etiam
260 3737 291 3787 ia
324 3738 440 3804 picturis
475 3736 582 3803 Speeseli
616 3737 756 3788 Surorum
792 3737 862 3802 quod
896 3736 996 3788 dieitur
1031 3736 1156 3800 insiyniti
1193 3740 1264 3788 suat.

143 3807 173 3874 2)
203 3809 226 3862 1.
249 3807 339 3862 Meet.
366 3810 391 3873 6,
409 3809 461 3862 41:
487 3809 547 3860 erat
571 3807 644 3860 enim
670 3805 806 3861 exereitus
831 3821 946 3874 magnus
971 3804 1059 3860 valde.
1167 3803 1195 3875 3)
1223 3805 1263 3870 Of.

143 3877 241 3944 Ktpke
263 3893 294 3944 p,
320 3881 373 3934 104
390 3895 449 3946 sp.;
477 3878 578 3944 Latia,
607 3879 654 3930 ‘Le
680 3876 761 3944 ripae
787 3879 818 3930 de
844 3877 930 3929 Leuis
956 3875 1017 3932 IV!
1040 3893 1071 3942 p.
1095 3878 1160 3942 145,
1188 3891 1216 3927 a.
1238 3879 1263 3930 4.

143 3949 173 4014 4)
200 3947 342 4015 Samia
365 3950 444 4002 certa
468 3948 521 4002 nisi
547 3947 677 4003 (lorbeius
701 3979 738 3988 -
762 3947 890 4016 martyris
909 3945 969 4001 Viti
993 3949 1080 4016 ipsius
1104 3947 1267 3999 Widukindi

99 4032 126 4072 su
143 4034 197 4071 esse
211 4020 244 4072 de
258 4020 374 4086 Simeon,
390 4019 433 4076 (Ν.
445 4021 556 4073 Arctiv’
568 4019 634 4088 XV,
650 4037 680 4087 p.
694 4023 755 4087 572,
773 4020 834 4072 stib
851 4024 1006 4086 comparato
1023 4019 1104 4074 erint.
1177 4018 1204 4086 ὅ)
1222 4019 1263 4083 Of.

144 4105 230 4157 supra
243 4108 274 4158 p.
289 4093 330 4158 12,
348 4093 366 4147 l.
378 4093 414 4147 20
426 4108 482 4160 ep:
499 4095 573 4145 certe
591 4090 758 4160 rarissimus3
776 4109 803 4159 p.
816 4093 860 4157 46,
879 4091 896 4144 l.
910 4093 941 4146 6:
960 4088 1084 4157 equitum
1102 4087 1263 4156 rarissimus,

143 4166 167 4213 ei
183 4162 225 4211 itu
242 4164 358 4229 saepius.
448 4161 476 4232 6)
495 4163 569 4215 Haec
586 4163 620 4215 ab
639 4168 745 4215 auctae
762 4167 825 4230 post
842 4164 944 4215 inserta
962 4177 1016 4214 esse
1033 4161 1111 4213 veta
1127 4163 1265 4228 sequentia

143 4233 266 4284 indicare
281 4233 412 4288 mdauur.
444 4233 499 4285 Via·
515 4236 594 4300 atim,
609 4249 668 4287 eum
684 4234 783 4286 ibam
800 4233 933 4287 emicet:
950 4230 1053 4285 dimisit
1068 4230 1263 4286 Luthuvicum.

144 4299 278 4356 Dimissus
295 4303 380 4373 igitur
397 4303 589 4358 Hluthowicus
607 4307 763 4372 saepsisset.
