3178 4880
624 319 854 376 PRAEFATIO.
1255 321 1300 375 IX

183 501 303 566 Tleclo
339 502 566 568 Wiclnlinelus
594 502 771 584 scripserit,
810 502 962 585 picenium
999 523 1098 584 neque
1135 502 1173 567 in
1206 503 1299 568 Actis

180 591 371 656 Sanctorum
393 612 491 673 neque
514 591 551 655 in
574 591 632 656 illu
655 591 818 657 uberrime
842 592 1026 673 collectione,
1044 612 1140 674 quum
1149 591 1298 674 pronimo

178 701 265 745 eune
301 679 338 744 0.
371 681 409 745 cle
445 680 608 746 Gellnrit
641 681 677 745 V.
715 680 762 747 Ol.
798 680 938 746 instituit
950 681 970 762 1,
1005 701 1139 763 nsquam
1174 701 1298 746 comme·

176 775 355 850 morentur,
394 769 558 851 cleperclito
592 776 666 834 sunt
700 776 757 835 out
789 770 946 851 hucusque
981 771 1089 834 latent.
1146 770 1193 834 At
1224 770 1299 834 Vite

144 881 159 922 s
181 857 305 922 Ottouis
327 879 492 940 uunquam
514 858 640 923 oicletnr
662 859 821 941 enerues,-
844 858 1040 940 Sipebertum
1061 857 1165 940 ipsius
1187 859 1299 925 Wielu·

177 946 269 1011 lindi
291 947 396 1012 uerbis
424 947 461 1012 iu
490 967 629 1012 errorem
659 949 786 1013 ductum
815 969 880 1013 esse
908 948 948 1013 G.
971 947 1080 1013 Weite
1110 954 1200 1012 ecreto
1230 969 1298 1012 con-

175 1035 250 1100 iecit
259 1037 280 1098 ².
338 1036 474 1102 Librum
501 1035 644 1118 primum
674 1036 727 1101 lis
760 1036 845 1102 enim
874 1035 1007 1118 incepit:
1041 1037 1125 1102 Post
1155 1058 1298 1122 operum

177 1129 372 1190 nostrorum
397 1127 593 1210 primordia,
618 1127 744 1210 quibus
767 1127 893 1192 summi
911 1127 1128 1211 imperatoris
1146 1127 1297 1191 militum

176 1214 371 1298 tciumphos
388 1215 569 1294 declaravi,
587 1216 662 1280 etc.3
700 1215 792 1280 Heec
809 1215 923 1297 procul
939 1214 1035 1280 dnbio
1050 1215 1095 1279 uel
1109 1222 1296 1298 mertprnrn,

130 1327 159 1367 ιο
177 1301 242 1367 Dei
269 1302 415 1384 militnm,
448 1301 536 1368 Vites
563 1324 663 1386 supro
686 1305 804 1369 ullntus
827 1305 997 1386 spectent4,
1024 1303 1203 1385 Sipcbertus
1225 1325 1297 1369 cero

177 1392 215 1456 ele
236 1391 427 1474 imperatore
454 1392 563 1458 Ottone
586 1393 742 1477 copitonit,
773 1393 904 1475 ideoque
933 1392 1001 1458 eius
1024 1414 1075 1458 res
1104 1393 1172 1458 ium
1202 1400 1298 1458 anteo

177 1481 351 1563 descriptos
373 1487 402 1546 et
424 1481 526 1546 celitus
548 1503 613 1547 esse
635 1483 720 1562 folso
743 1481 854 1548 statuit
863 1482 885 1545 ⁵.

222 1681 252 1740 2.
292 1676 440 1742 Rerum
465 1684 674 1761 pesternm
698 1677 1000 1743 Senonicurnm
1028 1677 1131 1742 libri
1158 1683 1251 1742 tres.

285 1802 463 1883 Supersunt
496 1802 572 1868 libri
607 1809 670 1867 tres
703 1801 825 1868 Rerum
856 1808 1017 1886 pestnrum
1052 1801 1296 1884 Sononieorum,

131 1915 158 1955 16
176 1889 289 1974 peribus
318 1897 427 1956 unctor
456 1913 527 1958 cum
554 1891 667 1974 populi
696 1891 853 1976 oripinem
886 1898 951 1956 tum
985 1913 1036 1956 res
1069 1893 1110 1956 eb
1140 1890 1297 1956 Heinrico

177 1987 269 2062 etque
289 1979 399 2046 Ottoue
421 1980 542 2064 eprepie
562 1988 668 2063 pestus
690 1980 865 2064 descripsit.
906 1981 1016 2064 Neque
1039 2003 1109 2045 eum
1129 1982 1167 2045 ele
1183 1979 1298 2063 popnl'

177 2068 228 2134 seii
257 2089 424 2151 repumqne
457 2069 594 2134 historio
623 2070 691 2136 ulio
721 2073 877 2153 quaedum
907 2069 1078 2150 confecisse
1100 2067 1296 2152 putarimus.

178 2158 328 2239 Sinpulos
351 2158 448 2224 libros
466 2158 656 2240 Moltlilcli,
678 2159 801 2225 Ottouis
823 2158 921 2240 filice,
946 2158 1123 2240 dedicerit·
1145 2157 1298 2223 Heinrioi

176 2254 205 2312 et
232 2245 364 2329 Ottonis,
395 2247 449 2312 oei
479 2254 508 2312 et
530 2247 647 2330 putris,
678 2269 730 2313 res
759 2248 922 2314 illustrare
951 2269 1106 2313 summum
1137 2247 1204 2314 eins
1232 2246 1297 2328 fuit

131 2361 158 2400 so
171 2335 389 2418 propositum·
412 2337 450 2402 cle
473 2331 638 2402 Senonum
662 2337 785 2420 oripine
809 2359 919 2418 puuco
946 2343 1068 2418 tuntum
1092 2336 1265 2419 praemisit
1274 2337 1295 2400 ⁶.

181 2425 344 2506 Temporis
381 2424 525 2490 orclinem
558 2495 559 2498 ,
563 2425 750 2508 plerumque
787 2426 924 2506 fideliter
961 2426 1152 2507 observarit,
1192 2432 1298 2491 tumen

176 2534 407 2595 nonnunquam
438 2516 616 2596 prudenter
649 2522 707 2580 out
738 2515 956 2597 imprudenter
983 2515 1168 2598 pervertit&
1228 2515 1297 2580 Stu-

177 2603 246 2668 (luit
283 2603 384 2684 breui,
425 2606 482 2669 secl
519 2604 656 2685 elepenti
693 2604 857 2670 norruneli
895 2611 924 2669 et
960 2604 1120 2672 scribendi
1157 2603 1298 2685 reticui,

176 2813 299 2881 prosaice
318 2817 347 2866 et
364 2812 480 2867 metrice
498 2813 546 2867 lib.
559 2811 606 2882 H;
625 2813 779 2883 passionem
799 2831 907 2882 quoque
920 2813 1021 2867 'Pselae
1038 2813 1152 2882 virginis
1172 2812 1299 2866 similiter

131 2902 158 2942 25
176 2883 290 2937 metrice
308 2884 355 2940 lib.
374 2882 405 2953 13
431 2885 651 2953 epigrammaton
677 2885 723 2940 lib.
743 2884 767 2940 Ι.
811 2887 951 2938 Sermones
976 2886 1012 2936 od
1037 2887 1147 2950 fratres,
1173 2885 1299 2950 epistolas

177 2958 214 3008 od
234 2957 360 3022 dieu-sos,
386 2959 522 3024 imprimis
546 2959 745 3024 cpiprummotu
769 2973 841 3008 eune
865 2973 896 3008 ceo
920 2957 1035 3020 fallacie
1061 2972 1115 3008 esse
1141 2961 1233 3023 potet,·
1261 2957 1296 3019 of.

181 3027 296 3093 Traube,
316 3028 461 3080 ‘Asnaum
479 3029 504 3082 d.
524 3028 688 3079 Meinoleener
699 3028 853 3094 Aleodemie,
868 3028 937 3095 phil.
952 3027 1052 3080 Otnsse'
1064 3027 1145 3093 XIX,
1159 3027 1177 3081 2
1192 3028 1298 3090 (1891),

173 3115 203 3164 p.
231 3099 283 3153 313
301 3115 356 3166 sqq.
388 3102 449 3154 316.
496 3100 686 3163 Confusionem
715 3105 818 3163 eutem,
849 3115 931 3166 quem
960 3101 1030 3150 inter
1057 3113 1140 3164 opero
1167 3098 1298 3149 historice

182 3169 346 3221 Tritiumius
363 3171 458 3236 effecit,
485 3171 546 3222 iude
564 3177 653 3222 ortum
670 3185 725 3222 esee
742 3185 883 3236 enesemus,
908 3171 979 3236 quod
1002 3171 1080 3222 medo
1104 3175 1196 3232 totum,
1223 3169 1298 3221 niodo

131 3258 159 3298 oo
176 3243 296 3306 sinputos
313 3243 398 3294 libros
415 3244 445 3293 iu
463 3242 614 3308 cotelopum
631 3244 765 3310 receperit.
803 3241 876 3304 Qeeec
892 3243 924 3293 de
941 3241 1002 3293 Vite
1014 3241 1177 3294 Menstruus
1194 3242 1297 3305 adiecit,

176 3313 245 3364 uncle
264 3313 395 3379 hauserit,
415 3317 552 3379 ueseimus,
570 3315 628 3366 uisi
644 3314 715 3377 forte
733 3313 799 3365 libri
816 3315 890 3365 tertii
900 3315 1122 3366 mmiuuotionem
1133 3312 1181 3364 hoe
1193 3313 1298 3364 nornine

176 3385 304 3436 iudicarit
312 3400 324 3447 ,·
343 3384 419 3436 Vites
436 3386 523 3437 editus
536 3385 702 3437 Wicluleindo
719 3401 888 3452 nequaqnam
904 3385 991 3436 ‘tribui
1006 3399 1082 3452 posse
1099 3385 1298 3444 senescerent,

176 3471 258 3522 neque
276 3471 370 3507 eorum
387 3457 500 3508 editores
517 3457 571 3507 tete
589 3473 656 3522 epus
672 3461 810 3510 noverunt.
836 3487 872 3494 —
897 3456 1037 3508 Breoim'es
1062 3457 1133 3506 eires
1156 3454 1299 3505 Trithemii

177 3530 433 3579 commemorationes
457 3530 584 3593 eoupessit
609 3527 705 3595 Kiplee
725 3545 756 3595 p.
776 3530 828 3582 170
839 3543 878 3594 sq.
970 3529 996 3593 l)
1019 3527 1114 3578 Passio
1138 3526 1165 3580 S.
1189 3525 1298 3576 Theclae

131 3613 158 3654 eo
176 3599 298 3663 cirpiuis.
335 3599 396 3650 ‘Die
421 3599 594 3651 lateinisches»
618 3587 830 3665 llbcrsetennpeu
855 3600 904 3651 der
921 3599 990 3650 Aeta
1012 3598 1095 3649 Pauli
1119 3603 1142 3647 ct
1165 3595 1297 3661 rucene,

176 3671 206 3720 in
226 3669 319 3722 ‘Tecto
341 3669 398 3720 und
420 3670 654 3736 Untersucliunpen
674 3686 728 3721 eur
747 3670 837 3722 Gessit.
856 3671 905 3721 der
922 3668 1130 3721 eltchristh'elecn
1148 3667 1297 3732 Literetur,

176 3739 212 3794 N.
230 3740 272 3794 F!
294 3741 351 3792 VII
366 3741 491 3808 (Leipeip
510 3743 601 3805 1902),
621 3742 688 3805 fuse.
708 3741 747 3795 ΙΙ,
820 3740 848 3810 2)
869 3741 920 3794 om
937 3740 1033 3808 Ktptee
1049 3757 1076 3807 p.
1095 3742 1154 3794 170.
1174 3753 1298 3791 assensus

176 3816 221 3866 est.
304 3811 332 3881 3)
356 3812 387 3866 Ρ.
407 3815 433 3877 3,
457 3812 474 3865 l.
493 3815 578 3878 mse.
662 3814 691 3879 4)
720 3812 761 3878 Of.
786 3812 941 3866 Transis.
962 3812 1024 3877 Viti,
1050 3811 1098 3864 SS.
1118 3810 1157 3876 II,
1182 3827 1209 3877 p.
1229 3811 1297 3865 576:

176 3885 238 3949 post
256 3881 409 3950 triumphos
428 3882 615 3950 apostolorum
634 3898 666 3935 so
684 3883 814 3935 victorius
832 3887 992 3950 martyrum.
1083 3881 1111 3951 5)
1136 3882 1171 3932 In
1189 3881 1298 3934 meeum

131 3969 159 4008 eo
175 3967 295 4005 errorem
320 3955 416 4005 uendit
438 3955 560 4020 Centum,
583 3954 645 4006 ‘Die
667 3954 936 4007 Gesehicletselsreiber
953 3955 1002 4006 cler
1019 3953 1110 4008 Sectis.
1129 3952 1296 4005 Koisereeit'

172 4041 202 4091 p.
221 4027 302 4092 lise.
322 4055 358 4064 -
376 4025 495 4092 Denique
511 4041 604 4078 ocrem
620 4041 686 4093 quos
703 4027 785 4078 edidit
809 4041 844 4076 eu
867 4025 953 4078 coelice
972 4025 1122 4078 Ceruium·
1138 4024 1298 4075 Wieluleindi

176 4098 281 4147 nomine
304 4097 450 4162 inscriptos
472 4097 619 4148 annerus
641 4099 671 4148 iu
691 4097 824 4149 Geronton
842 4097 982 4149 Leedmeici
997 4097 1044 4148 Pii
1061 4095 1194 4162 (Hileieslt.
1215 4096 1297 4156 1604)

175 4183 196 4221 o.
219 4168 261 4231 19,
284 4183 314 4232 p.
337 4169 372 4222 63
387 4183 435 4233 sq,
461 4169 498 4218 ool
522 4170 610 4236 ipsum
633 4171 769 4234 pertinere
793 4170 901 4219 omeriuo
925 4169 1090 4234 reperimus.
1134 4166 1177 4229 Of.
1203 4165 1298 4231 Kipke

172 4253 201 4304 p.
221 4240 281 4294 171.
355 4237 382 4307 6)
403 4238 444 4302 Os.
463 4238 488 4304 I,
511 4240 630 4306 praefat.
650 4247 674 4291 et
695 4254 715 4293 c.
735 4241 760 4293 2.
834 4237 1298 4306 7)0f.quae11,28.eennaner

132 4323 159 4362 ee
176 4322 259 4360 messa
276 4310 347 4375 dieii,
367 4310 438 4376 qecocl
451 4313 606 4376 posteriore
624 4309 806 4362 nuutimiius
822 4311 1017 4376 praeponierit.
