3178 4880
545 1352 910 1439 PRAEFATIO.

273 1562 409 1643 Prioris
432 1575 553 1642 Rernm
574 1583 734 1660 pestarnm
759 1576 995 1642 Saronioarnm
1018 1577 1167 1642 editionis
1190 1577 1288 1643 omni·

168 1668 224 1732 bns
239 1666 314 1746 'fere
336 1665 567 1748 exemplaribus
582 1665 752 1731 divenditis
770 1687 839 1731 enm
855 1665 1025 1748 bibliopola
1040 1665 1286 1747 honestissimos,

167 1763 202 1821 nt
224 1776 307 1821 nora
330 1755 529 1836 emitteretnr,
555 1754 707 1838 petiisset,
738 1776 803 1820 non
825 1754 928 1819 oisnm
957 1761 1003 1820 est
1025 1755 1168 1837 priorem
1196 1754 1288 1820 illam

134 1867 148 1907 s
172 1843 304 1927 Georpii
321 1843 430 1910 Waitr
454 1845 480 1908 b.
504 1865 545 1908 m.
569 1865 625 1908 sno
649 1850 783 1926 tempore
805 1843 954 1923 fnnditns
977 1865 1015 1909 ae
1033 1842 1288 1925 splendidissime

168 1933 363 1999 elaboratam
380 1953 481 2014 prope
496 1932 655 2015 intepram
669 1933 825 2013 recodere,
843 1953 913 1998 enm
929 1939 1054 2014 poteret
1070 1932 1287 2012 recentiorum,

167 2020 327 2103 imprimis
360 2020 551 2086 Bernhardi
588 2023 626 2088 de
661 2021 790 2087 Simeon
828 2022 864 2086 V.
904 2021 952 2087 Ol.
990 2021 1128 2087 stndiis1
1166 2027 1289 2086 tantam

167 2110 319 2177 oetentiae
338 2109 483 2189 effectam
506 2131 571 2175 esse
594 2109 873 2190 oommntationem,
897 2117 932 2174 nt
953 2110 1150 2190 fortioribus,
1181 2116 1217 2175 nt
1242 2109 1289 2175 ito

168 2198 286 2280 diram,
321 2197 471 2264 remediis
504 2219 582 2280 opus
615 2219 681 2264 esse
714 2198 883 2264 oideretnr.
947 2198 1025 2264 Onm
1059 2198 1160 2281 ipitnr
1193 2197 1289 2264 lnins

121 2312 149 2351 ιο
169 2287 359 2354 novissimae
382 2287 530 2353 editionis
553 2288 763 2353 adornandae
786 2309 864 2354 mira
887 2286 968 2352 mibi
991 2287 1185 2353 demandato
1201 2294 1287 2368 esset,

169 2383 285 2442 tentam
308 2383 423 2457 tamen,
447 2375 514 2442 nisi
536 2375 650 2459 qnibns
673 2376 750 2442 loeis
772 2377 941 2442 odmodnm
964 2397 1086 2443 neeesse
1115 2383 1193 2457 erat,
1224 2396 1289 2441 non

169 2465 343 2546 immolavi,
367 2471 559 2548 apparatam
582 2465 727 2532 aritionm
750 2487 788 2531 en
810 2465 933 2548 intepro
961 2472 1154 2546 renooatnm,
1185 2465 1291 2547 qnood

169 2554 243 2635 fieri
259 2553 373 2637 potnit,
398 2556 443 2620 ad
463 2557 591 2620 verbnm
613 2553 743 2636 retinui,
767 2553 985 2638 pristinarum
1006 2553 1169 2636 plnrimas
1191 2574 1287 2620 anno·

170 2642 333 2725 tationnm,
358 2641 453 2708 etiam
475 2664 556 2726 qnos
584 2642 624 2709 G.
640 2643 686 2708 H.
704 2643 808 2726 Perti,
833 2643 863 2708 I.
881 2643 923 2708 F.
940 2642 1089 2724 Bb'bmer,
1111 2642 1142 2707 Ι.
1164 2641 1289 2708 Grimm

122 2755 151 2796 ιι
171 2733 198 2796 b.
222 2754 264 2796 m.
286 2731 355 2797 illis
382 2731 514 2815 Georpii
535 2732 645 2799 Waitr
666 2731 855 2815 scriptoram
881 2731 979 2798 medii
1002 2732 1072 2798 aeni
1099 2733 1290 2798 edendorum

164 2820 326 2904 primitiis
347 2820 538 2902 adiecerant,
562 2821 713 2903 repetivi·
734 2843 792 2887 neo
811 2821 1010 2902 prooemium
1032 2821 1107 2886 olim
1130 2820 1289 2902 seriptmn,

170 2909 263 2975 bodie
284 2909 336 2975 lio
358 2909 426 2976 illio
449 2910 623 2992 obsoletam,
649 2911 748 2992 plane
771 2909 966 2975 reieiendnm
995 2929 1060 2974 esse
1089 2909 1206 2989 oensni,
1237 2908 1293 2973 sed

170 2997 335 3065 emendavi
358 3005 387 3064 et
410 2998 524 3064 addidi
544 3020 624 3081 qnae
639 3019 725 3065 nnnc
742 2999 914 3080 probanda
928 2997 1126 3063 ridebantnr.
1165 2997 1290 3078 Appen·

171 3087 239 3154 dire
261 3087 483 3168 subinnnimns
509 3087 647 3154 libellam
676 3087 834 3169 piendam
864 3087 901 3151 de
931 3085 1054 3168 oripine
1081 3084 1185 3169 pontis
1209 3085 1291 3151 Sne-

123 3200 152 3240 20
170 3197 281 3242 oornm
315 3176 457 3256 fabulose
489 3175 707 3259 eonsni'ptmn,
742 3175 798 3257 qni
826 3175 972 3258 qnamois
1000 3174 1192 3242 Widnlrindi
1222 3195 1292 3240 onm

171 3265 248 3331 libri
264 3264 368 3348 primi
384 3264 534 3348 partibns
556 3264 752 3347 sinpnlarem
776 3265 939 3346 qnondam
954 3263 1196 3329 similitudinem
1208 3283 1292 3345 prae

171 3375 204 3420 se
218 3354 313 3435 ferat,
332 3374 413 3436 qnae
428 3374 444 3420 e
459 3353 635 3420 veterrimis
650 3353 772 3433 fabnlis
787 3353 954 3420 tbeodiseis
973 3373 1138 3418 emanasse
1157 3352 1290 3432 ridetur,

170 3443 209 3508 in
224 3441 444 3508 Monnmentis
464 3442 660 3509 Germaniae
682 3445 728 3508 od
748 3442 832 3508 liano
847 3441 930 3507 diem
944 3443 1085 3508 nondam
1101 3441 1184 3525 typis
1199 3443 1293 3506 datns

172 3537 252 3597 erat.
282 3530 428 3598 Indioem
443 3530 608 3598 nominnm
618 3531 826 3614 propriorum
841 3530 962 3611 eonfeei
974 3551 1097 3596 noonm
1129 3529 1293 3613 [Indioem

123 3642 153 3683 m
171 3641 280 3686 rernm
303 3626 332 3685 et
353 3621 526 3702 oerbornm,
550 3619 606 3703 qni
628 3641 694 3685 non
715 3620 816 3685 solnm
832 3619 940 3684 monio
955 3640 1035 3684 rara
1051 3619 1294 3701 sinpnloriaqm

171 3709 332 3791 vocabola,
355 3729 464 3774 rernm
487 3707 582 3774 etiam
612 3708 764 3791 qnioqnid
790 3709 955 3774 oerbornm
983 3728 1221 3790 sermonumque
1250 3705 1296 3771 ad

172 3797 378 3880 disciplinam
400 3797 449 3863 rei
472 3797 621 3880 publicae
645 3797 874 3880 pertinentinm
896 3795 1096 3862 memorabile
1118 3803 1196 3876 erat,
1225 3815 1294 3862 oon·

172 3885 260 3968 tinet,
283 3885 516 3968 bistorioornm,
540 3908 605 3952 non
625 3885 907 3969 prammatioornm
929 3884 1003 3950 neni
1018 3886 1293 3965 acommodatum,

173 3975 277 4040 sorim
296 3976 492 4146 JEdmnndns
516 3975 642 4059 Stenpel
663 3981 740 4060 post
766 3974 883 4040 obitnm
910 3973 1035 4039 inrenis
1064 3973 1195 4040 editoris
1225 3993 1295 4038 eon·

123 4087 154 4129 io
172 4063 329 4146 scripsit.

174 4257 202 4324 l)
224 4255 294 4308 ‘an
311 4255 410 4308 Krrtilr
427 4256 473 4310 dee
490 4255 647 4309 Wr'dnlrind'
665 4257 696 4308 in
713 4256 758 4311 ’.Ν
775 4255 890 4308 Ambto’
903 4254 973 4320 XII,
988 4271 1017 4322 p.
1030 4256 1091 4310 597.
1110 4255 1178 4317 598ς
1199 4253 1297 4307 ‘orbor

172 4327 216 4379 die
233 4327 430 4380 amerbtedemn
451 4327 530 4381 Teate
547 4328 592 4381 des
609 4326 768 4380 Wr‘dnlii'nd’
786 4327 849 4381 ibid
869 4325 933 4390 XV,
953 4342 982 4393 p
1002 4327 1088 4382 565-
1091 4327 1189 4396 b'lb.
