3174 4878
317 334 352 386 74
767 325 986 381 WIDUKINDI

247 520 307 574 939.
318 513 444 578 cellum
469 517 551 595 proa
578 515 679 594 porta
703 510 828 593 agitari
851 510 936 574 iecit
964 514 999 574 et
1029 530 1164 573 omnem
1195 531 1332 593 gregem
1363 533 1437 594 por·

319 623 435 666 corum
460 601 588 684 apertis
605 600 713 682 portis
728 600 821 662 intra
836 599 956 662 urbem
972 600 1112 682 recepit.
1148 597 1258 676 Quam
1275 600 1437 662 iniuriam

320 691 389 754 dux
411 690 503 754 ferre
526 710 596 752 non
619 688 738 752 valens
762 690 881 751 coacto
905 688 1058 752 exercitu
1081 688 1217 752 obsedit
1237 688 1437 754 Immonem.

318 779 385 843 ille
409 781 526 842 autem
548 777 698 860 plurima
714 797 816 858 apum
834 777 991 840 examina
1007 777 1166 840 habuisse
1181 777 1294 840 fertur
1304 776 1324 853 1,
1349 798 1438 859 quae

317 870 482 950 frangens
513 866 658 950 proiecit
688 868 809 929 contra
839 867 981 947 equites.
1035 867 1127 948 Apes
1157 869 1274 928 autem
1308 865 1467 930 aculeiss

318 977 423 1040 equos
446 955 666 1019 stimulantes
688 955 725 1017 in
748 955 918 1017 insaniam
941 954 1132 1030 vertebant,
1163 955 1215 1017 ita
1240 958 1281 1017 ut
1305 955 1438 1036 equites

318 1045 508 1130 periclitari
543 1044 744 1126 coepissent.
803 1041 879 1120 Quo
909 1044 981 1107 viso
1012 1043 1124 1106 immo
1153 1041 1371 1128 prospiciens
1397 1045 1438 1107 de

319 1155 416 1197 muro
448 1133 663 1216 eruptionem
694 1152 771 1195 cum
802 1132 901 1195 sociis
931 1125 1140 1195 minitavitl'.
1188 1131 1439 1196 Huiuscemodi

318 1224 427 1308 igitur·
462 1221 594 1285 artibus
630 1221 765 1304 saepius
800 1222 870 1284 dux
905 1221 947 1284 ab
979 1222 1134 1284 immone
1165 1221 1304 1284 delusus
1336 1220 1439 1284 solvit

319 1311 543 1376 obsidionem.
602 1310 791 1374 Discedens
827 1330 907 1373 vero
941 1309 1054 1373 fertur
1089 1309 1230 1373 dixisse:
1272 1309 1439 1372 ‘Immone
1457 1326 1480 1364 10

319 1421 454 1465 mecum
484 1399 656 1463 sentiente
686 1419 803 1461 omnes
834 1399 1017 1462 Lotharios
1046 1398 1150 1461 facile
1181 1401 1299 1481 captos
1329 1398 1438 1468 tenui,

319 1489 421 1553 modo
459 1489 571 1572 ipsum
618 1487 729 1550 solum
776 1508 851 1550 cum
900 1487 1058 1551 omnibus
1097 1486 1271 1550 Lothariis
1318 1506 1440 1569 capere

456 1576 461 1598 l

319 1599 472 1661 nequeo.

426 1700 585 1764 XXIIII.
639 1700 801 1763 Tractum
842 1700 976 1762 tamdiu
1023 1699 1153 1763 bellum
1192 1699 1436 1763 Evurhardus⁰

320 1791 540 1856 considerans
563 1788 657 1851 ultra
681 1810 749 1852 non
773 1789 935 1870 quiescit;
967 1789 1050 1871 quin
1078 1791 1275 1871 contempto
1299 1809 1382 1871 rege
1408 1791 1442 1852 et
1460 1805 1481 1844 u

319 1881 392 1943 iure
428 1881 543 1962 spreto
577 1879 858 1954 iuramentorum,
898 1879 938 1940 ut
972 1872 1107 1954 initiod,
1143 1881 1302 1941 conserta
1336 1898 1442 1940 manu

320 1990 397 2034 cum
437 1967 645 2030 Isilberhtoe
688 1967 732 2028 ad
771 1965 945 2029 incentiva
988 1965 1157 2029 bellorum
1196 1967 1325 2050 pariter
1366 1987 1442 2030 con-

320 2058 462 2141 spirant.
509 2055 582 2118 Nec
607 2055 763 2118 contenti
785 2075 891 2137 regno
915 2055 1123 2118 occidentali
1153 2055 1380 2131 solummodo,
1406 2056 1442 2116 in

319 2146 408 2210 Reni
446 2143 648 2208 orientalem
688 2165 808 2227 agrum
849 2143 1129 2226 depopulandum
1171 2165 1249 2208 cum
1288 2144 1442 2208 exercitu

322 2235 579 2316 demerguntur.
623 2232 719 2296 Haec
745 2254 821 2296 cum
846 2232 1036 2296 audiuntur
1061 2231 1115 2295 *in
1139 2233 1259 2296 castris
1282 2233 1375 2316 regis
1401 2266 1441 2274 -
1459 2249 1482 2288 20

321 2345 401 2386 nam
425 2343 465 2386 ea
493 2315 722 2405 tempestatef
748 2342 808 2385 rex
837 2325 910 2384 erat
941 2326 1122 2404 pugnansg
1148 2325 1268 2385 contra
1298 2300 1530 2404 Briseg2‘1'ffl

321 2416 356 2476 et
380 2411 465 2474 alias
488 2411 600 2488 nrbes,
625 2431 712 2493 quae
737 2411 836 2473 erant
852 2403 1068 2473 lirurhurdih
1096 2410 1236 2473 ditionis
1260 2445 1311 2487 —,
1338 2409 1442 2473 multi

320 2521 355 2564 se
387 2493 423 2562 ai
459 2501 580 2563 castris
614 2499 790 2575 eruebant,
827 2519 889 2562 nec
924 2499 1018 2561 ultra
1052 2519 1128 2582 spes
1163 2502 1238 2564 erat
1271 2499 1442 2581 regnandi

321 2589 481 2652 Saxones.
528 2589 601 2653 Rex
624 2609 704 2652 vero
728 2582 790 2652 eak
816 2587 1015 2651 turbatione
1044 2590 1146 2650 tanta
1176 2589 1372 2651 constantia
1403 2609 1441 2650 ac

320 2679 464 2761 imperio
487 2697 568 2740 usus
593 2671 679 2753 est¹,
704 2677 786 2740 licet
808 2681 911 2739 rarom
934 2676 1068 2739 milite3
1084 2677 1346 2760 constiparetur,
1372 2676 1482 2740 aesia

321 2767 430 2830 nichil
455 2767 486 2830 ei
510 2765 729 2830 difficultatis
753 2765 934 2828 obviasset.
977 2765 1067 2828 Nam
1091 2766 1215 2829 summi
1238 2765 1442 2849 pontifices4

321 2856 451 2919 relictis
475 2855 634 2919 tentoriis
655 2856 690 2918 et
707 2853 775 2916 alia
791 2853 946 2936 qualibet
962 2853 1229 2937 suppellectilin,
1253 2855 1322 2938 ipsi.
1336 2856 1440 2919 etiam

322 2944 524 3008 defecerunt
548 2965 568 3006 a
591 2943 668 3006 fide.

321 3154 344 3198 a)
357 3162 399 3199 prs
412 3152 458 3194 Bl.
526 3151 549 3199 b)
563 3151 677 3190 minitatus
692 3155 727 3190 est
739 3152 789 3199 B2;
804 3149 921 3190 minitabat
935 3151 1003 3189 Sanc.
1073 3152 1093 3198 c)
1108 3148 1245 3190 euuthardus
1261 3152 1289 3198 0;
1303 3149 1441 3190 euertat-dus

322 3208 349 3248 Α,
362 3205 409 3246 ss.
424 3205 493 3243 Saxo.
554 3202 578 3256 d)
592 3205 652 3243 utin
668 3205 732 3244 initio
747 3206 773 3246 A.
832 3203 853 3253 e)
867 3204 993 3242 Iselbertho
1008 3204 1060 3253 Β2ς
1076 3204 1189 3242 hisberbto
1204 3205 1233 3252 0,·
1246 3205 1361 3252 gisilberto
1376 3206 1441 3246 Saxo.
1457 3200 1480 3239 39

321 3259 468 3306 opotestats
487 3257 533 3298 Bt.
600 3259 623 3305 g)
641 3259 728 3306 puer(!)
748 3268 849 3306 pugnans
868 3257 894 3299 A.
962 3256 985 3306 h)
1004 3255 1123 3296 cuerhardi
1138 3258 1165 3297 A.
1178 3258 1229 3308 1323
1250 3256 1370 3297 cunthardi
1385 3269 1441 3299 corr.

322 3311 400 3350 cuuth.
417 3311 440 3352 0.
503 3311 519 3358 i)
538 3321 551 3348 a
571 3310 671 3353 ΜΝ.
739 3309 763 3360 k]
783 3313 806 3349 in
825 3321 852 3350 ea
870 3311 917 3349 Bi.
932 3311 1000 3352 Saxo.
1065 3311 1080 3358 l)
1099 3312 1134 3349 hs'c
1150 3312 1293 3358 finiunturs'n
1307 3312 1326 3350 A
1343 3313 1384 3350 r'lla
1399 3312 1441 3349 duo

322 3364 385 3411 solia,
400 3373 455 3412 quae
465 3364 531 3410 prius
540 3364 665 3402 desiderata
679 3375 700 3405 α.
710 3364 768 3406 1859.
782 3368 869 3412 reperta
883 3368 939 3405 sunt.
960 3364 994 3410 Of.
1009 3374 1078 3412 supra
1087 3364 1156 3414 nbi,
1171 3364 1223 3407 sak.
1264 3364 1295 3416 m)
1311 3365 1441 3413 ccrsmssi.

323 3417 346 3467 n)
360 3418 391 3455 sic
404 3417 432 3456 A.
449 3416 470 3458 0.
485 3417 581 3466 (Saxo),·
595 3417 748 3465 suppellectile
762 3418 813 3467 1315
829 3417 964 3466 supellectili
979 3417 1026 3456 Bt.

324 3593 349 3662 1)
375 3595 444 3646 Sunt
469 3598 515 3660 qni
538 3610 571 3645 ee
595 3594 697 3645 comitis
721 3597 834 3660 nornine,
861 3595 930 3660 qnod
955 3610 1014 3645 cnm
1039 3595 1161 3648 uocabulo
1181 3595 1340 3648 Germanico
1358 3595 1440 3646 imme
1456 3605 1479 3646 et

324 3665 412 3735 (impi)
429 3691 460 3708 =
481 3664 538 3732 apis
556 3669 680 3731 convenii,
700 3665 770 3717 hene
787 3669 1003 3730 subsannatum
1022 3681 1074 3718 esse
1087 3673 1190 3733 putent,
1210 3669 1262 3718 clii
1278 3669 1326 3734 qni
1342 3682 1373 3718 ee
1390 3667 1440 3718 tac

322 3741 399 3803 fama
417 3739 518 3790 comitis
536 3752 647 3799 nomem
666 3739 699 3801 cf.
712 3737 859 3802 Drtmrnlcr,
881 3737 948 3789 ‘Otto
964 3739 989 3790 d.
1010 3737 1069 3796 Gr!
1081 3754 1110 3804 p.
1123 3740 1166 3804 87,
1186 3754 1213 3792 n.
1227 3741 1256 3805 23
1276 3739 1370 3790 Knrth
1388 3739 1405 3790 i.
1421 3738 1437 3790 l.

318 3826 347 3875 p·
362 3811 423 3863 324.
448 3808 608 3860 Mauortem
633 3809 737 3874 quidem
762 3808 914 3872 fabulosam
939 3815 988 3860 ant
1012 3810 1148 3875 culparem
1166 3812 1323 3860 narrationi
1340 3809 1439 3860 mitesce

323 3881 458 3932 concedere
475 3881 541 3932 licet.
594 3877 1000 3947 antemeridianae
1015 3880 1104 3931 Rheni
1119 3882 1207 3936 sitnm.
1240 3881 1283 3944 Cf.
1302 3880 1439 3931 Dnmnner

318 3968 348 4017 p.
362 3953 405 4017 89,
424 3967 451 4004 n.
467 3953 489 4005 1.
581 3950 608 4018 3)
636 3950 678 4014 Of.
697 3967 783 4016 snpra
804 3967 835 4016 p.
851 3953 895 4017 49,
921 3952 938 4004 l.
959 3953 1007 4004 19:
1036 3967 1098 4002 cum
1124 3966 1186 4003 raro
1212 3949 1299 4002 milite
1326 3955 1437 4002 armato.
1453 3961 1476 4000 sc

322 4021 443 4074 Hrotscit
467 4038 490 4075 c.
508 4023 568 4088 256,
595 4022 632 4075 ei.
659 4023 690 4072 de
711 4021 870 4084 Winterfeld
891 4038 920 4087 p.
939 4023 1003 4075 211:
1030 4037 1185 4088 praepauco
1210 4020 1298 4074 milite
1324 4025 1437 4090 saeptus.

322 4093 350 4162 4)
376 4091 534 4144 Fridericus
562 4091 781 4160 archiepiscopus
807 4089 1006 4160 Mogoniiensis
1035 4095 1062 4144 et
1087 4090 1271 4144 Ruodhardus
1298 4091 1437 4160 episcopus

323 4162 543 4232 strazburgensis
562 4161 625 4215 fixis
647 4163 677 4214 in
702 4162 845 4216 obsidione
870 4162 994 4215 tentoriis
1020 4166 1048 4215 et
1073 4162 1175 4216 relictis
1201 4163 1349 4230 copiarum,
1376 4177 1437 4230 quas

323 4233 485 4300 detulerant,
505 4233 617 4286 sarcinis
634 4238 716 4286 nocte
732 4233 803 4286 clam
823 4232 989 4302 aufugerunt
1005 4235 1078 4288 Gont.
1096 4235 1159 4299 Rep.
1179 4251 1203 4288 a.
1218 4237 1278 4302 939,
1298 4235 1345 4289 SS.
1365 4251 1388 4288 r.
1406 4233 1436 4285 G.

318 4323 348 4371 p.
364 4308 422 4361 161.
455 4306 495 4370 Of.
515 4307 595 4369 infre
613 4320 632 4359 c.
651 4308 694 4359 25.
1452 4311 1474 4352 tt
