3174 4878
312 286 347 338 78
765 278 983 333 WIDUKINDI

242 473 302 526 940.
418 464 553 526 XXX.a
589 463 638 526 llo
656 455 831 546 temporeb
853 463 1002 527 bellum⁰
1024 463 1247 526 barbarorum
1263 463 1424 526 fervebat.

313 554 359 616 Et
389 574 466 616 cum
494 552 622 614 milites
654 552 698 614 ad
729 573 869 614 manum
894 550 1039 615 Geronis
1071 552 1215 634 presidis
1246 551 1426 634 conscripti

313 642 433 706 crebra
456 640 675 724 expeditione
698 643 965 704 attenuarentur
989 645 1024 704 et
1047 640 1309 704 donativis1vel
1324 640 1426 702 tribu-

312 731 409 794 tariis
434 730 572 813 premiis
596 731 709 792 miuus
739 729 895 792 adiuvari
926 732 1074 812 possent,
1106 749 1147 793 eo
1178 729 1269 811 quod
1297 729 1426 792 tributa

313 820 439 903 passim
455 822 673 901 negarentur,
692 817 855 881 seditioso
870 818 950 881 odio
966 819 1002 880 in
1019 816 1191 882 Geronem
1207 821 1426 882 exacuuntur.
1443 841 1454 878 a

312 908 385 971 Rex
415 929 495 972 vero
526 907 568 970 ad
601 927 798 970 communes
829 906 1000 970 utilitates
1030 907 1081 970 rei
1113 906 1272 989 publicae
1303 905 1428 970 Geroui

313 1017 447 1081 semper
469 997 566 1058 iuxta
590 998 675 1059 erat.
712 995 811 1059 Unde
833 995 1045 1070 factumest,
1062 995 1220 1058 utnimis
1237 994 1429 1060 exacerbati

313 1085 392 1149 odia
416 1106 478 1148 sua
501 1086 537 1148 in
560 1085 673 1167 ipsum
697 1104 832 1166 quoque
855 1104 971 1167 regem
996 1085 1190 1148 vertissent.

243 1217 303 1270 941.
420 1208 552 1271 XXXI.
600 1207 696 1286 Quae
735 1202 858 1271 oausa‘1
897 1207 1099 1271 Heinrioum
1139 1207 1279 1270 minime
1316 1206 1428 1270 latuit.

314 1298 359 1361 Et
382 1301 423 1360 ut
446 1296 543 1372 solet,
569 1299 712 1360 amaris⁰
734 1297 879 1359 animis2
900 1296 981 1359 dum
1004 1296 1105 1360 dulce
1129 1297 1261 1379 aliquid
1278 1296 1429 1371 offertur,
1448 1318 1468 1356 ιο

313 1379 439 1450 facilef
457 1386 687 1469 persuadebat
705 1385 943 1449 huiuscemodi
959 1385 1115 1449 homines
1132 1385 1198 1448 sibi
1214 1385 1428 1460 concordare,

314 1495 408 1558 spem
439 1475 570 1539 habens
599 1476 726 1538 iterum
757 1475 934 1556 regnandi,
967 1474 1050 1537 dum
1080 1477 1219 1538 nossetg
1245 1474 1431 1538 exercitum

312 1565 387 1648 regi
410 1563 589 1628 offensum.
638 1563 794 1645 Denique
819 1563 937 1626 multis
967 1563 1279 1627 intercurrentibus
1308 1562 1431 1644 legatis

314 1657 350 1717 et
379 1652 592 1716 munusculis
622 1652 768 1716 invicem
804 1652 915 1715 missis
946 1672 1064 1716 omnes
1094 1672 1181 1734 pene
1212 1650 1431 1716 orientalium

314 1741 488 1825 partium3
510 1741 638 1804 milites
668 1741 735 1804 sibi
765 1740 953 1824 colligavit.
1009 1739 1105 1818 Quae
1136 1760 1190 1804 res
1221 1741 1265 1803 ad
1294 1742 1432 1802 tantum
1450 1759 1471 1798 n

313 1831 411 1894 nefas
435 1830 610 1912 processit,
635 1832 675 1891 ut
699 1829 936 1893 coniuratione
962 1829 1076 1893 valida
1095 1830 1200 1904 facta,
1224 1830 1262 1891 in
1277 1828 1431 1912 paschali

206 1943 261 1993 ar.
272 1944 304 1986 ιε,
313 1919 515 1994 festivitate,
540 1939 627 2000 quae
651 1921 725 1982 erat
748 1917 912 2001 proxima,
943 1939 1021 1981 cum
1051 1919 1124 2001 ipse
1148 1917 1333 1982 Heinricus
1366 1909 1429 1980 adh

313 2007 505 2091 palatium4
528 1999 690 2081 edisseri,
715 2027 831 2090 regem
855 2007 1010 2071 occidere
1035 2007 1253 2088 cogitassent,
1269 2006 1338 2090 ipsi
1354 2026 1432 2070 vero

314 2097 413 2178 regni
447 2095 606 2159 diadema
639 2089 881 2178 inponerentk.
934 2095 1062 2158 Earum
1096 2115 1209 2159 rerum
1245 2097 1327 2159 dum
1364 2115 1433 2158 non

315 2188 403 2248 esset
438 2183 598 2267 publicus
633 2185 797 2267 proditor,
834 2205 967 2268 semper
997 2203 1032 2248 se
1067 2187 1270 2268 protegente
1300 2205 1434 2247 summa
1449 2204 1472 2242 u

315 2273 506 2349 divinitate,
527 2275 630 2336 notae
645 2273 760 2338 factae
780 2277 861 2336 sunt
879 2273 954 2356 regi
971 2273 1140 2337 insidiae⁵
1158 2274 1330 2336 modicum
1353 2276 1433 2336 ante

314 2363 453 2445 pascha.
504 2360 571 2439 Qui
602 2355 774 2426 fidelium¹
813 2362 961 2425 militum
991 2362 1141 2426 vallatus
1172 2383 1276 2425 manu
1307 2362 1365 2426 die
1395 2382 1433 2425 ac

312 2454 425 2528 nocte,
450 2450 625 2532 nichilque
650 2450 781 2514 decoris
807 2451 859 2515 vel
886 2451 1077 2515 maiestatis
1100 2451 1215 2533 regiae
1240 2471 1355 2516 eoram
1380 2471 1434 2534 po·

314 2540 396 2622 pulo
420 2560 460 2604 ea
483 2539 740 2623 sollempnitate
764 2540 932 2616 minuens,
961 2540 1106 2602 nimium
1130 2540 1288 2603 hostibus
1311 2539 1434 2603 intulit

312 2629 483 2692 timorem.
529 2628 612 2692 Post
636 2629 728 2693 diem
750 2649 830 2692 vero
858 2629 1082 2711 sollempnem
1113 2628 1256 2692 consilio
1286 2629 1434 2692 maxime
1452 2646 1474 2686 a

314 2717 534 2794 Francorum,
555 2717 615 2800 qui
631 2738 671 2781 eo
686 2721 867 2800 temporem
883 2718 949 2781 sibi
965 2718 1185 2794 adstabantfl,
1203 2717 1430 2781 Herimanni⁰

314 2806 455 2883 scilicet,
477 2805 629 2869 Udonisl’
653 2810 756 2888 atque
777 2805 973 2870 Ouonradi‘l
996 2808 1056 2888 qui
1079 2807 1192 2870 dictus
1216 2810 1268 2871 est
1287 2806 1403 2870 Rufus
1412 2805 1433 2882 ⁶,

314 2899 444 2959 secrete
477 2895 632 2978 proditos
666 2895 764 2958 iubet
804 2895 1049 2978 comprehendi
1086 2895 1141 2959 vel
1179 2898 1272 2960 certe
1311 2895 1433 2960 occidi.

314 2983 412 3047 Inter
431 3004 516 3065 quos
536 2987 610 3046 erat
633 2984 764 3067 primus
787 2983 825 3046 in
848 2984 992 3048 caeteris
1011 2985 1163 3048 omnium
1184 2985 1351 3048 bonarum
1371 2985 1434 3048 vir·

312 3074 430 3134 tutum
464 3073 567 3135 rebus
602 3072 730 3154 absque
761 3072 826 3136 hac
856 3093 946 3136 noxa
975 3073 1184 3136 fortissimus
1213 3074 1434 3156 optimusque
1451 3090 1474 3132 ro
1567 3073 1568 3100 ³

313 3158 453 3222 Erich‘.
493 3160 561 3223 Hic
586 3181 663 3223 oum
687 3165 837 3226 armatos
861 3163 905 3225 ad
924 3181 960 3226 se
980 3182 1178 3246 properasse
1193 3161 1432 3239 intellexisset,

313 3350 335 3396 a)
353 3359 401 3397 cap.
415 3349 481 3390 XXX.
495 3350 518 3387 tn
532 3349 603 3387 verbis
616 3349 647 3389 nt
660 3361 710 3389 cum
725 3350 806 3390 milltes
825 3351 900 3400 incipit
913 3352 937 3393 0.
998 3353 1021 3401 b)
1041 3357 1139 3401 tempere
1153 3351 1201 3390 Β1.
1263 3350 1284 3402 c)
1301 3352 1332 3390 etc
1345 3353 1373 3394 A.
1387 3352 1433 3394 Ba

313 3401 388 3448 Βαωος
406 3401 488 3440 bellum
503 3401 623 3441 barbarum
637 3404 688 3454 1315
708 3403 854 3443 barbarorum
873 3405 954 3443 bellum
969 3406 993 3447 0.
1058 3405 1080 3452 d)
1094 3416 1139 3454 que
1153 3415 1219 3444 cause
1238 3405 1362 3444 heinricum
1380 3416 1434 3444 non

313 3456 399 3494 latuere
407 3456 428 3494 B
436 3459 454 3497 1.
461 3455 553 3504 (sm).
592 3458 613 3502 e)
622 3457 679 3496 solet
688 3457 755 3496 armis
766 3455 819 3496 dum
828 3459 910 3498 amaris
920 3459 1000 3498 animis
1007 3459 1027 3497 A
1032 3472 1041 3506 ;
1051 3457 1103 3498 dum
1112 3459 1194 3498 amaris
1205 3459 1283 3497 animis
1291 3459 1355 3497 dulce
1363 3459 1432 3501 Saxo.

313 3506 496 3558 Opersuadebat
510 3509 575 3548 faclle
590 3509 637 3548 Ba.
692 3513 716 3560 g)
730 3516 822 3550 nossent
836 3512 882 3553 Bl.
934 3512 957 3560 h)
971 3513 1000 3551 ad
1016 3523 1057 3554 om.
1071 3513 1118 3554 131.
1133 3513 1200 3554 Saxo.
1250 3512 1266 3560 i)
1280 3513 1310 3550 etc
1324 3516 1344 3550 a
1357 3512 1433 3558 Suam
1450 3511 1473 3551 35

313 3563 471 3613 adijsset132;
490 3563 543 3602 isset
556 3563 584 3605 A.
641 3563 665 3610 k)
683 3564 798 3613 imponere
811 3565 857 3607 Β1.
872 3566 940 3606 Scae.
1001 3566 1017 3613 l)
1036 3565 1098 3606 milit.
1113 3564 1172 3607 fidel.
1186 3565 1232 3604 Bl.
1292 3564 1323 3615 m)
1337 3567 1432 3604 maxims

314 3617 365 3657 add.
379 3617 426 3658 132.
489 3615 512 3665 n)
528 3616 633 3656 astabant
647 3618 674 3657 Δ,
689 3618 735 3660 aa.
749 3618 816 3659 Sacc.
877 3621 899 3665 o)
913 3618 1030 3657 hermanni
1043 3619 1076 3666 A,-
1090 3618 1220 3657 heremanni
1234 3618 1309 3665 Sacc,¹
1321 3619 1433 3657 heriman·

313 3680 364 3708 nus
378 3669 401 3712 0.
457 3672 480 3718 p)
495 3670 568 3709 utonis
584 3669 651 3720 Saxo.
706 3672 729 3720 q)
744 3668 836 3711 conradi
850 3672 877 3713 A.
890 3671 913 3714 C.
927 3673 1000 3719 scam
1014 3671 1141 3711 (ihuom-adi
1156 3672 1202 3714 Bt.
1256 3672 1276 3722 r)
1289 3671 1346 3710 lorrk
1359 3672 1406 3713 Bt.

314 3828 341 3897 1)
366 3829 450 3893 Infra
468 3829 525 3895 III,
545 3831 588 3884 55.
615 3827 776 3881 donativum
800 3831 832 3882 de
857 3830 976 3896 beneficio
996 3833 1032 3886 20
1057 3847 1201 3882 mariscum
1225 3833 1340 3897 dicdum
1367 3830 1434 3882 alibi

312 3915 373 3950 cero
390 3903 470 3951 ctiam
488 3900 519 3951 dc
537 3904 653 3965 maenia
671 3902 758 3954 soluta
776 3907 936 3968 usurpator.
975 3902 1016 3967 Cf.
1037 3902 1133 3968 Kb'pkc
1150 3919 1180 3969 p.
1195 3905 1244 3958 151
1258 3917 1312 3969 eq.,·
1335 3901 1430 3966 Wadz,
1448 3909 1472 3948 40

315 3969 394 4023 ‘Vas
415 3971 498 4036 VIII,
514 3987 544 4036 p.
560 3973 620 4035 163,
638 3988 665 4026 a.
678 3974 704 4026 2.
776 3973 804 4042 2)
825 3973 1024 4039 1.Rep.1,10.
1046 3976 1090 4039 22,
1109 3976 1134 4028 2.
1153 3979 1177 4023 et
1194 3975 1321 4039 saepius:
1338 3987 1430 4024 amaro

314 4039 413 4094 animo.
498 4040 525 4109 3)
552 4042 627 4093 Idem
651 4044 791 4110 intellcpit,
818 4044 981 4112 quod-alibi
1004 4043 1137 4096 orientem
1160 4045 1231 4098 aaa.
1312 4043 1340 4112 4)
1368 4043 1430 4096 Sca

315 4110 504 4176 ercdlinburp.
578 4113 605 4182 5)
622 4115 680 4168 Act.
699 4117 723 4180 9,
737 4117 789 4169 24:
808 4113 898 4167 Notae
916 4118 1008 4168 autem
1025 4113 1114 4168 factae
1133 4119 1196 4167 sunt
1214 4113 1298 4168 Saulo
1317 4113 1430 4166 insidiae

314 4197 416 4235 eorum.
490 4181 517 4250 6)
534 4183 674 4236 Gonroduc
691 4186 843 4238 ufer-anem·
859 4187 939 4252 filius,
955 4191 1016 4252 poet
1033 4203 1114 4252 perier
1130 4189 1203 4252 repis
1220 4192 1243 4238 ct
1260 4187 1319 4238 dua
1332 4186 1429 4238 Letha-

313 4255 426 4319 rinpice,
445 4253 582 4304 habendus
600 4260 652 4322 est,·
676 4259 709 4321 cf.
729 4257 825 4322 Kb'plce
839 4274 868 4322 p.
884 4261 943 4312 124.
1444 4267 1469 4308 4⁶
