3190 4868
423 343 475 410 DE
493 341 657 400 ORIGINE
676 341 816 400 GRNTIS
834 343 1065 404 SWEVORUM,
1253 350 1306 404 133

187 526 268 592 Sala
277 525 298 588 1.
356 525 434 606 Qua
468 526 628 610 pactione
662 526 816 592 sancita⁸
847 528 959 591 omnis
992 523 1217 611 equestralisb
1248 529 1305 594 ala

186 615 383 681 Swevorum
405 615 636 680 festinarunt⁰
659 610 932 680 Theodericum‘l
957 616 994 680 in
1018 616 1156 695 auxilio,
1180 617 1304 684 relicto

185 704 374 788 pedestrali
396 705 550 770 exercitu
572 704 609 767 in
632 703 708 768 loco
732 707 933 770 castrorum.

293 815 324 874 8.
360 809 517 890 Quom-²
536 814 578 874 ut
593 810 816 876 Irminfridus
830 811 980 888 rescivit,
997 833 1135 878 monum
1153 812 1305 876 validam

155 900 397 984 sequestrium
422 899 528 984 elegit
552 902 588 965 et
611 901 655 964 ad
679 900 900 985 pugnandam
918 905 1038 966 contra
1053 901 1304 966 Theodericum

187 989 322 1054 direxit.
374 989 418 1053 Iu
449 1009 518 1071 qus
548 990 787 1072 congressione
817 988 1040 1055 Irminiridus
1071 993 1171 1074 terga
1200 990 1305 1054 vertit

186 1083 290 1161 atque
322 1098 458 1142 amnem
483 1071 648 1143 Unstrbtf
675 1098 753 1142 oum
783 1079 854 1142 suis
884 1078 1052 1144 celeriusg
1076 1079 1239 1143 transivit
1269 1082 1305 1143 et

185 1168 221 1231 iu
245 1167 322 1252 ripa
343 1167 498 1233 eiusdem
520 1167 676 1230 fluminis·
696 1166 854 1231 hostibus
877 1169 990 1232 acrius
1013 1167 1152 1233 restitit.
1193 1165 1304 1246 Quem

185 1256 417 1321 Theodericus
447 1255 630 1340 phalangis
660 1255 871 1320 Francorum
901 1260 1006 1340 atque
1030 1256 1225 1322 swevorum
1256 1258 1304 1320 in·

142 1348 324 1413 rossontus
347 1345 479 1430 etipse
502 1345 648 1409 alteram
671 1344 823 1408 fluminis
845 1345 955 1429 ripam
980 1348 1122 1410 econtra
1145 1366 1207 1430 per
1231 1345 1304 1409 dies

185 1439 256 1498 tres
279 1433 461 1518 occupavit
484 1453 548 1498 nec
563 1451 768 1516 quemquam
784 1433 925 1499 illorum
943 1427 1118 1499 remeareh
1139 1433 1274 1498 sinebat
1281 1433 1303 1494 ³.

185 1521 256 1588 Ubi
290 1523 373 1588 dum
406 1525 521 1587 castra
554 1525 719 1587 metasset
753 1515 849 1586 cumi
886 1523 1027 1588 Francis
1065 1524 1102 1588 in
1136 1522 1304 1606 superiori

185 1611 337 1676 fluminis
360 1614 468 1696 parte,
486 1611 596 1676 Swevi
611 1605 768 1695 quoque¹¹
786 1611 823 1674 in
838 1611 1060 1677 inferioribus
1076 1632 1139 1676 sua
1152 1611 1305 1676 tentoria

185 1694 324 1766 fixere¹.
370 1701 568 1784 Thuringim
591 1720 672 1765 vero
696 1720 732 1764 se
756 1704 934 1766 cernentes
959 1701 1112 1766 devictos
1142 1701 1219 1784 pari
1249 1700 1304 1764 de·

141 1816 167 1857 rs
185 1789 391 1854 liberatione
429 1790 670 1864 decreverunt,
710 1790 812 1871 quis¹¹
854 1790 1061 1855 exercitibus
1099 1788 1304 1854 Theoderici

184 1879 298 1942 minus
320 1898 514 1962 repugnare
537 1881 686 1962 possent,
711 1897 784 1942 sese
807 1879 844 1941 in
866 1879 975 1962 ipsius
999 1879 1211 1943 deditionem
1226 1898 1303 1943 oon·

183 1968 327 2032 ferrent.
381 1967 482 2032 Unde
512 1967 670 2050 Iriugum
704 1967 964 2051 compilatorem
994 1967 1076 2031 talis
1106 1967 1303 2031 confedera-

183 2057 290 2121 tionis
313 2059 521 2133 statuerunt,
554 2059 609 2120 et⁰
637 2056 738 2138 quia¹¹
765 2055 923 2120 incentor
947 2055 1118 2121 bellorum
1140 2055 1242 2133 foret,
1268 2059 1303 2120 et

184 2149 306 2210 auctor
328 2145 423 2229 pacis
445 2145 538 2210 inter
560 2165 597 2210 se
621 2148 657 2209 et
671 2144 922 2210 Theodericum
945 2146 1053 2210 fieret.
1094 2143 1161 2223 Qui
1184 2143 1303 2208 abiens

139 2262 167 2302 so
185 2254 336 2318 quosque
370 2234 461 2317 regis
493 2234 679 2319 optimates
714 2235 876 2298 convenit
910 2237 946 2300 et
980 2253 1099 2299 eorum
1134 2233 1304 2299 obtentu⁴

185 2344 263 2389 cum
279 2322 512 2388 Theoderiool’
534 2343 596 2408 pro
619 2323 733 2406 patria
756 2343 819 2387 sua
840 2322 942 2387 fedus
966 2323 1168 2408 composuit.
1216 2322 1302 2388 Oum

183 2412 293 2496 igitur
315 2432 375 2477 rex
397 2412 458 2475 diu
480 2411 712 2476 reluctaretur
734 2432 798 2476 nec
820 2411 923 2476 fedus
948 2412 1037 2477 inire
1068 2411 1198 2488 mallet,
1228 2415 1302 2476 tan·

161 2502 263 2566 -dem
295 2501 441 2565 sororis‘l
472 2501 711 2578 commonitus,
745 2504 785 2565 ut
814 2500 870 2565 vel
901 2501 1059 2566 cederetr
1092 2521 1154 2585 pro
1186 2520 1301 2564 amore

183 2589 309 2654 illius⁵.
364 2587 441 2668 Qua
474 2609 575 2673 prece
605 2589 713 2654 flexus
743 2589 974 2655 Theodericus
1004 2592 1070 2653 hac
1104 2588 1301 2653 conditione

138 2705 165 2745 ss
183 2699 263 2743 oum
285 2679 490 2762 Thuringis⁸
518 2679 600 2742 iniit
629 2678 740 2755 fedus,
772 2679 936 2762 quatinus
959 2680 1036 2756 hoc,
1067 2677 1160 2760 quod
1191 2697 1301 2760 posse·

184 2768 307 2832 derant
329 2767 548 2846 hereditarie,
572 2767 609 2831 id
633 2766 676 2831 ab
700 2787 740 2832 eo
763 2767 958 2850 reciperent
980 2767 1017 2830 in
1041 2766 1200 2831 beneficii
1215 2767 1299 2830 iure.

290 2881 320 2938 9.
366 2873 550 2939 Preterea6
578 2875 670 2938 forte
696 2873 833 2951 accidit,
858 2878 900 2936 ut
922 2873 1061 2956 quidem
1093 2893 1134 2938 ex
1157 2873 1301 2937 Thurin·

183 2959 267 3047 giist
296 2963 394 3027 Wito
428 2963 596 3028 vocabulo
628 2963 739 3046 ripam
773 2962 925 3026 fluminis
961 2962 1160 3046 accipitrem
1197 2983 1300 3027 mauu

182 3174 204 3220 s)
221 3172 306 3210 litterae
319 3173 352 3212 ita
365 3173 389 3210 ts
403 3173 450 3211 loeo
464 3182 516 3210 roeo
529 3172 624 3222 scriptae
636 3177 686 3210 sumt
701 3172 725 3210 ln
738 3172 765 3212 A.
845 3172 869 3219 h)
886 3171 1033 3220 sequestrans
1052 3172 1078 3214 B.
1160 3172 1181 3221 e)
1198 3172 1230 3210 stc
1246 3171 1301 3218 (mon

137 3230 164 3270 ιο
181 3225 347 3266 lustraverunt
359 3226 483 3275 Dttmmler)
500 3225 564 3264 etlam
583 3225 609 3266 B.
690 3221 714 3273 d)
731 3226 762 3263 sio
775 3228 795 3264 tt
808 3227 829 3264 A
843 3221 1000 3278 (Theoderici,
1019 3229 1034 3265 ῐι
1053 3226 1076 3263 in
1095 3226 1139 3265 loro
1153 3227 1218 3274 raso)
1236 3227 1256 3262 et
1269 3224 1302 3270 B,-

181 3277 319 3319 Theoderlco
332 3279 356 3319 in
369 3279 476 3319 auxillum
490 3279 517 3321 G.
590 3276 612 3330 e)
628 3288 656 3326 q4
669 3278 704 3329 (=
718 3289 784 3326 quem
798 3277 920 3330 Dammler)
933 3279 960 3323 Β,
1034 3279 1052 3327 0
1069 3279 1100 3318 sle
1115 3278 1136 3317 A
1140 3291 1150 3327 ,-
1165 3271 1254 3318 unstrirt
1269 3277 1301 3324 B‚·

181 3331 294 3372 Umstrort
311 3333 338 3382 θ,
357 3333 395 3382 qut
410 3323 505 3372 Unstrilt
522 3332 648 3370 vocabulum
667 3332 801 3380 deformasse
819 3332 910 3372 videtur.
974 3331 997 3382 g)
1016 3333 1122 3372 scelerlue
1137 3331 1163 3374 Β.
1226 3332 1250 3379 h)
1266 3341 1302 3370 re·

181 3395 271 3426 menore
285 3386 311 3428 G.
364 3387 381 3434 1)
394 3387 425 3424 sio
438 3386 488 3424 tene
501 3386 529 3425 A.
543 3385 570 3424 B.
586 3385 618 3432 0;
632 3389 679 3425 tum
693 3385 776 3424 Franci
790 3385 925 3433 Mllllmltoff.
979 3385 1003 3436 k)
1021 3387 1059 3435 ste,
1074 3397 1116 3426 nom
1131 3383 1259 3433 swevrque,
1275 3386 1302 3426 A.

180 3438 209 3478 B.
223 3439 249 3480 G.
303 3438 320 3489 l)
338 3438 437 3478 fixerunt
452 3439 479 3479 (i.
534 3436 565 3489 m)
582 3439 613 3476 sle
628 3438 652 3482 B.
667 3439 700 3486 0,-
712 3439 806 3488 Turingi
820 3439 841 3482 lt.
855 3441 869 3481 l.
884 3440 910 3482 A
964 3442 988 3487 n)
1005 3441 1036 3478 elo
1049 3441 1094 3490 (qr)
1108 3438 1134 3481 A.
1147 3438 1181 3486 B,·
1199 3437 1260 3488 quod
1273 3437 1300 3476 θ.

136 3495 163 3535 ³5
181 3491 204 3544 ο)
221 3493 253 3532 etc
266 3492 294 3533 A.
307 3492 336 3533 B.
350 3492 383 3538 θ)
396 3492 465 3532 neseio
478 3502 530 3530 mum
543 3491 699 3530 medendum
713 3495 746 3534 ut.
813 3492 838 3544 p)
855 3489 984 3532 theodorico
998 3493 1018 3532 lt.
1035 3493 1049 3532 l.
1065 3493 1092 3541 B,
1110 3491 1165 3530 allel
1179 3488 1301 3533 theoderic.

181 3545 205 3595 q)
222 3543 377 3586 recordatione
392 3550 426 3585 est
440 3545 487 3593 fere
499 3545 641 3594 unholdum
658 3545 743 3584 ridetur·
760 3555 811 3585 esee.
839 3545 912 3588 llud.
980 3545 1001 3599 r)
1020 3542 1124 3586 crederet
1138 3544 1170 3592 B;
1189 3548 1215 3584 nt
1230 3544 1300 3584 inter·

180 3599 270 3638 cederet
283 3597 330 3650 (vel
344 3597 397 3650 ons.)
411 3599 438 3638 G.
480 3597 791 3648 elsl0135turingislterum
801 3600 834 3646 A,·
847 3598 977 3648 Thuringlis
991 3600 1017 3642 G.
1059 3597 1077 3649 t)
1090 3600 1121 3637 stc
1135 3598 1157 3638 lt.
1172 3598 1186 3638 l.
1200 3599 1227 3638 A.
1237 3597 1263 3636 Β.
1274 3597 1301 3641 G.

181 3762 207 3826 1)
232 3759 256 3815 Ι.
275 3777 296 3815 e.
318 3767 420 3812 terram
445 3776 513 3827 quae
533 3767 629 3828 postca
650 3775 740 3826 papus
757 3759 860 3811 Suevos
877 3757 1198 3824 (‘Nordsoltwobmpau')
1224 3772 1299 3810 oocu-

179 3831 268 3888 batur.
340 3833 369 3898 2)
395 3829 454 3884 Hoc
477 3847 578 3899 quoque
594 3830 711 3897 capitulo
729 3845 881 3894 anonymus
899 3829 1058 3882 Widuleindi
1075 3829 1100 3892 Ι,
1119 3831 1143 3882 9.
1164 3830 1207 3894 10,
1233 3843 1301 3894 qaae

133 3919 161 3958 co
178 3903 253 3968 opud
269 3903 429 3965 Fmttolsum
449 3903 548 3970 leyen,
572 3903 693 3969 quamvis
717 3901 808 3952 minues
832 3906 963 3966 accurato,
988 3900 1094 3953 videtur
1110 3916 1164 3953 esse
1188 3903 1299 3953 umidus.

178 3974 207 4042 3)
232 3973 272 4025 De
295 3973 343 4026 boo
368 3974 422 4025 loco
444 3989 547 4040 porum
568 3975 711 4040 perspicio
735 3974 770 4038 of.
789 3971 961 4036 Millemboff,
982 3971 1121 4026 ‘Zeitsobm
1140 3973 1161 4036 f.
1180 3972 1215 4024 D.
1235 3969 1298 4024 Alt!

178 4043 275 4110 XVII,
291 4046 460 4111 p.6'l,m.1.
545 4045 574 4112 4)
597 4044 639 4108 Of.
659 4043 819 4095 Widulcindi
833 4061 862 4110 p.
876 4045 918 4108 15,
937 4044 954 4098 l.
968 4046 1000 4100 ὃς
1019 4041 1205 4110 interpellatio
1223 4040 1300 4108 prin·

179 4115 271 4182 cipum
289 4131 356 4168 suro
375 4119 575 4184 corruptorum.
666 4115 694 4181 5)
721 4113 813 4181 Mopis
832 4117 926 4168 timore
943 4115 1081 4168 &conum
1101 4129 1184 4181 quom
1207 4127 1299 4166 amore

177 4189 282 4239 sororis
304 4185 494 4240 Theodericum
518 4191 549 4238 ut
564 4201 656 4254 pacem
675 4185 926 4252 mirabillimum
950 4201 1004 4238 csse
1026 4184 1209 4237 Widmleindus
1233 4183 1298 4238 told,

132 4275 160 4313 rs
177 4259 195 4313 l.
215 4261 248 4313 11
261 4274 316 4326 sqq.
335 4259 425 4312 oclus.
498 4259 526 4326 6)
548 4257 589 4324 Of.
608 4273 675 4324 quae
693 4256 875 4308 widokindus
892 4271 980 4322 supro
994 4273 1024 4322 p.
1041 4258 1076 4312 15
1087 4273 1142 4323 sqq.
1162 4255 1300 4307 simillime

177 4336 286 4384 moreat.
