3168 4868
305 333 357 386 130
541 325 592 380 DE
610 325 773 382 emulus
791 325 932 382 GEN'I'IS
950 324 1184 382 SWEVORUM.

304 512 435 596 etipse
459 512 589 575 mestus
612 509 791 593 repedavit
819 510 969 574 domum.
1015 508 1123 572 Tum⁸
1150 529 1241 574 unus
1271 529 1312 574 ex
1342 511 1424 574 filiis

303 600 412 684 ipsius
445 599 584 664 nomine
615 598 804 676 Ditvvinus,
840 597 1117 663 animadvertens
1152 601 1285 682 patrem
1319 599 1425 663 solito

303 688 505 765 tristiorem,
546 707 685 752 causam
723 686 865 752 meroris
903 686 1108 764 sciscitatur,
1147 686 1207 751 sed
1246 690 1365 753 tamen
1405 709 1426 751 a

304 780 447 862 parente
477 777 591 840 minus
615 776 669 839 illi
699 768 879 841 condictai
907 795 961 840 res
991 778 1222 840 ostentatur0.
1269 776 1426 842 Tandem

304 869 403 950 pater
426 887 447 931 a
470 865 542 930 filio
566 867 705 930 coactus
729 865 901 948 acquievit
924 867 960 929 et
984 865 1025 942 ei,
1050 885 1117 947 que
1139 865 1177 928 in
1199 866 1310 950 regali
1328 867 1461 930 curiae

303 955 445 1021 fuerant
467 954 616 1030 decreta,
647 954 780 1038 pandit.
828 952 893 1020 Oui
916 952 1104 1020 Ditwinus:
1138 953 1194 1017 ‘aa
1217 954 1267 1032 si',
1298 953 1425 1038 inquit,

306 1045 380 1109 ‘heo
409 1044 461 1108 ita
487 1063 524 1108 se
554 1043 750 1120 habuerint,
782 1061 994 1125 consequens
1024 1041 1092 1106 erit
1121 1046 1157 1106 et
1186 1064 1241 1108 me
1272 1063 1426 1128 peremp-

303 1127 456 1208 turum‘i,
488 1131 649 1216 quoniam
682 1152 734 1196 me
764 1130 955 1196 kariorem⁰
987 1131 1094 1196 habes
1126 1131 1247 1195 filium.
1295 1132 1426 1198 Verun-

304 1226 420 1300 tamen
456 1224 492 1286 et
525 1221 563 1284 in
597 1221 664 1292 hoo
697 1213 960 1295 vehementius*
991 1219 1143 1290 admiror
1174 1223 1233 1289 tot
1268 1225 1426 1308 satrapas

305 1310 493 1394 prudentes
516 1310 553 1372 in
570 1313 710 1373 tantum
727 1309 925 1392 desipuisse,
950 1312 1013 1372 utg
1033 1330 1102 1373 non
1126 1310 1308 1374 crederent
1323 1310 1428 1374 aliter
1448 1333 1477 1371 ro

304 1418 405 1486 posse
442 1397 730 1482 conprovintiales
775 1398 904 1464 famem
942 1398 1087 1462 evadere
1132 1399 1200 1464 nisi
1237 1399 1428 1464 liberorum

305 1509 444 1553 suorum
467 1508 561 1552 nece.
607 1481 748 1564 Revera,
780 1487 809 1550 si
832 1487 954 1550 vestris
978 1483 1158 1570 colloquiis
1187 1481 1426 1564 interessemh,

305 1578 408 1661 longe
432 1577 569 1640 saniora
593 1575 736 1639 consilia
766 1575 1073 1659 deprompsissem’.
1128 1576 1183 1639 Ad
1214 1577 1278 1641 hec
1309 1581 1426 1662 pater:

307 1662 402 1744 ‘Iam,
427 1665 478 1728 fili
501 1658 713 1741 karissime¹,
744 1684 814 1740 oro,
845 1667 886 1728 ut
917 1665 961 1728 ad
990 1657 1104 1748 regisk
1130 1665 1261 1730 curiam
1290 1686 1428 1730 mecum

305 1755 449 1820 festines
484 1754 521 1816 in
552 1753 706 1836 proxima
740 1753 904 1829 sessione,
941 1756 991 1830 et,
1027 1747 1128 1837 quid¹
1164 1754 1232 1818 tibi
1266 1755 1429 1818 videatur
1449 1775 1477 1814 ιε

306 1863 408 1928 super
431 1845 496 1906 hac
519 1863 567 1919 re,
592 1842 726 1906 cunctis
750 1845 924 1906 maturato
948 1842 1139 1926 exponere'.

414 1935 444 1996 4.
492 1931 579 1995 (lum
609 1931 718 2014 igitur
747 1951 865 1995 omnes
895 1931 1097 2014 provintiem
1127 1931 1300 2017 principes
1330 1933 1428 1995 inid

306 2023 418 2106 ipsum
443 2020 691 2095 convenissent,
717 2023 757 2084 ut
781 2019 912 2103 diramn
931 2021 1137 2085 sententiam
1164 2021 1288 2105 prioris
1310 2022 1429 2086 sessio·

306 2110 360 2174 nis
383 2110 420 2173 in
444 2109 569 2174 liberos
593 2110 744 2172 omnium
771 2108 1042 2193 promulgarent,
1060 2109 1234 2174 Ditwiuus
1254 2111 1352 2194 quasi
1368 2131 1428 2174 ore

307 2197 461 2264 omnium
484 2197 621 2262 locutus
642 2197 718 2282 regi
741 2197 932 2281 ceterisque
948 2199 999 2262 ait
1014 2199 1256 2282 optimatibus:
1275 2198 1429 2263 ‘Domini
1448 2221 1478 2259 eo

308 2287 385 2364 mei,
416 2286 519 2350 licet⁰
546 2289 661 2350 vestra
687 2286 905 2370 providentia
927 2285 1114 2370 gubernari
1138 2289 1288 2354 debeant
1311 2287 1428 2352 omnia

307 2378 434 2452 nostra,
458 2376 576 2438 tamen
599 2396 669 2440 non
693 2375 780 2439 bene
804 2375 1105 2459 circumspectam
1120 2377 1207 2442 hocp
1226 2377 1297 2441 fuit
1312 2379 1429 2442 vestra

308 2464 509 2548 prudentia,
556 2467 597 2526 ut
636 2463 679 2527 ob
717 2463 822 2528 famis
858 2464 1011 2548 inopiam
1050 2466 1251 2530 statueretis
1295 2465 1428 2531 aboleri

308 2553 451 2638 stirpem
481 2552 676 2617 vestraml'.
730 2552 827 2617 Heur
861 2574 920 2618 rex
954 2553 1112 2632 audiens,
1150 2553 1267 2619 dolore
1299 2558 1425 2632 tactus

307 2642 496 2725 simulque⁸
531 2641 703 2726 principes
737 2641 832 2704 illius
866 2663 928 2726 pro
963 2643 1033 2706 suis
1068 2643 1155 2707 caris
1189 2642 1426 2727 pigneribus‘,
1446 2664 1477 2704 aa

308 2731 483 2815 conpellat
506 2730 707 2807 Ditwinum,
739 2731 903 2812 quatinus
931 2729 1113 2814 depromat
1136 2732 1185 2796 eis
1209 2733 1325 2797 sanius
1350 2753 1427 2796 con·

307 2820 433 2886 silium.
473 2819 521 2882 At
543 2818 604 2884 ille
628 2818 694 2883 ait:
721 2817 768 2882 ‘ei
790 2820 864 2904 regi
888 2820 1089 2903 cunctisque
1113 2819 1184 2886 suis
1199 2821 1427 2905 optimatibus

307 2908 487 2993 placuerit,
510 2908 671 2973 innoxius
695 2907 834 2992 sanguis
858 2908 1036 2972 hominum
1060 2929 1123 2994 pro
1139 2909 1205 2974 hac
1219 2910 1427 2976 necessitate

306 3011 376 3061 non
402 2995 612 3076 effundatur,
643 2996 703 3061 sed
734 2997 871 3080 potiusu
898 2997 1015 3082 pluras
1046 2998 1162 3064 carine
1192 2998 1425 3082 acquirantur,

307 3087 343 3149 in
378 3085 502 3169 quibus
536 3085 621 3163 hii',
657 3085 717 3168 qui
747 3085 940 3150 debuerant
969 3086 1136 3166 interimi,
1166 3091 1263 3152 trans
1293 3089 1477 3154 marinaeo

308 3173 544 3238 deducantur’.
599 3173 674 3254 Qua
703 3174 878 3239 sententia
912 3195 989 3239 cum
1025 3177 1194 3242 universis
1227 3176 1426 3260 placuisset,

308 3263 442 3327 diversa
479 3277 606 3346 genera
644 3262 858 3346 navigiorum
898 3263 1040 3348 sparsim
1081 3268 1346 3348 congregantur,
1385 3269 1427 3329 nt

307 3351 361 3414 his
385 3351 445 3434 qui
466 3351 609 3435 fuerant
631 3350 816 3436 proscripti
839 3371 933 3417 mare
956 3354 1273 3419 transveherentur.

415 3443 445 3503 d.
495 3439 636 3506 Interea
654 3441 824 3525 ,aestua
856 3441 998 3505 tociusw
1032 3441 1205 3526 provintie
1239 3463 1426 3509 concursus

307 3549 369 3612 pro
393 3527 473 3594 filiis
497 3549 536 3594 ac
559 3529 698 3600 filiabus
722 3533 757 3594 et
781 3529 971 3594 lamentum
995 3530 1174 3596 ineffabile
1190 3552 1232 3597 ex
1246 3532 1423 3617 ipsorum¹
1445 3551 1477 3591 aa

306 3613 529 3702 relegatione.
582 3617 698 3703 Igitur
727 3618 919 3702 preparatis
954 3618 1142 3684 classibusy
1174 3619 1426 3698 instrumentis,

306 3842 330 3899 a)
342 3843 373 3899 sie
386 3843 414 3886 A.
430 3844 461 3891 6,·
477 3843 541 3882 'func
554 3837 580 3886 B.
634 3843 657 3894 b)
671 3841 761 3887 condite
775 3846 800 3886 G.
860 3845 880 3893 o)
894 3837 979 3886 obstet*
992 3845 1019 3888 B.
1077 3842 1101 3894 d)
1114 3846 1145 3886 ate
1158 3847 1257 3896 quamvls
1271 3847 1340 3898 inepte
1354 3849 1380 3890 Α
1393 3849 1428 3896 B,·

306 3897 430 3951 peremtum
448 3893 476 3936 iri
495 3907 506 3935 c
524 3897 653 3946 ambesum,
672 3901 695 3936 ut
713 3887 805 3946 addar,
825 3898 851 3940 θ.
868 3917 896 3928 -
913 3898 1019 3946 qnoniam
1037 3898 1092 3951 (effi)
1110 3900 1175 3940 amm
1194 3900 1221 3940 Δ.
1304 3899 1327 3952 e)
1344 3902 1376 3942 cic
1393 3903 1427 3949 1¹·

306 3950 415 3990 cariorem
430 3950 450 3988 G
463 3959 554 4000 comm,
569 3951 591 3989 B
603 3949 739 3990 solummodo
753 3950 793 3990 hor
806 3951 860 4000 loco,
880 3951 934 3990 alibi
947 3951 997 3992 kar.
1011 3971 1038 3982 ·-
1052 3951 1139 3994 habeus
1152 3951 1213 4004 (lide)
1226 3953 1252 3995 B.
1320 3954 1339 4004 f)
1357 3955 1427 3996 veles·

299 4007 394 4042 amanter
407 4003 433 4044 G.
483 4001 506 4053 Β)
519 4003 585 4046 med.
595 4003 627 4051 B,·
640 4014 686 4043 non
700 4008 726 4043 nt
739 4004 869 4053 ineptieelme
880 4005 907 4054 G,
922 4005 1122 4054 quelilllcssbotr
1135 4010 1218 4046 seculus
1231 4011 1268 4048 aas.
1318 4007 1343 4059 h)
1357 4009 1427 4047 luter-
1444 4007 1479 4046 Η)

305 4055 395 4096 fuissem
412 4056 431 4093 G
445 4065 456 4093 c
469 4057 592 4095 conlatura
601 4057 765 4105 praecidatio.
819 4055 835 4107 l)
849 4057 880 4096 εἰσ
893 4058 920 4099 Α.
934 4059 966 4106 3,·
980 4059 1095 4098 cerasina
1109 4059 1136 4099 G.
1191 4058 1215 4108 k)
1229 4065 1271 4112 ra}
1283 4061 1309 4102 B.
1364 4061 1381 4110 l)
1395 4063 1428 4100 ea'c

306 4109 332 4154 a
346 4098 431 4160 ,adu
451 4109 511 4157 quoe
524 4110 552 4162 a.
626 4111 657 4158 a)
675 4111 706 4150 aa
720 4109 752 4158 s,·
769 4120 834 4159 prov.
849 4116 872 4150 a
885 4111 955 4159 psas
969 4111 996 4154 a
1009 4112 1036 4154 a.
1109 4114 1134 4160 n)
1151 4107 1234 4154 noan
1250 4113 1278 4154 a.
1355 4113 1378 4165 ο)
1394 4115 1428 4154 aa

306 4161 369 4215 A.,B
382 4159 428 4214 (103
443 4161 511 4204 liceat
524 4162 551 4209 G.
609 4163 632 4214 p)
651 4164 695 4203 luit
708 4163 730 4202 lu
744 4163 787 4204 hec
801 4164 828 4207 G.
887 4166 910 4213 q)
928 4169 1027 4204 nostram
1041 4165 1067 4208 0.
1121 4165 1208 4228 rlfllloc
1222 4167 1249 4210 G.
1298 4165 1318 4217 e)
1332 4167 1427 4220 simque

306 4205 382 4272 158,-
395 4213 505 4262 simulque
519 4215 551 4263 (if
565 4209 712 4266 similiterque
725 4212 861 4264 Mtttenhoff.
943 4219 960 4265 t)
977 4219 1009 4256 eia
1022 4217 1050 4262 A.
1059 4217 1083 4258 ’Β
1096 4216 1231 4271 (pigulbus);
1251 4219 1381 4270 pignoribus
1399 4219 1427 4265 G.

306 4265 471 4359 ullffitlsssgm.
485 4267 512 4306 G.
567 4269 590 4318 v)
604 4267 627 4307 bl
641 4269 667 4310 G.
723 4268 755 4320 w)
768 4269 800 4308 sir
813 4273 839 4312 A.
853 4270 885 4318 B;
901 4271 968 4310 totius
982 4271 1009 4313 G.
1064 4274 1088 4320 x)
1102 4281 1178 4312 eorum
1188 4273 1214 4316 G.
1269 4275 1292 4324 y)
1306 4274 1337 4314 etc
1350 4273 1377 4316 Δ,
1393 4273 1427 4322 Β,·
1445 4271 1479 4311 48

306 4329 341 4359 cs
373 4330 384 4359 c
439 4347 445 4362 .
