3168 4868
283 398 337 454 lca
522 393 572 448 Du
590 389 753 446 omenta
773 389 912 446 cuncis
929 388 1161 446 SWEVORUM.

283 576 497 653 Theoderici,
520 575 702 660 indignum
727 574 857 640 ducens
878 573 1131 658 ipsum'regem
1161 574 1404 650 constitutum,

284 665 482 730 affirmabat
505 663 607 728 illum
630 683 700 728 non
722 663 798 728 iure
820 661 887 727 sibi
909 682 1055 747 regnum
1077 661 1313 739 vendicasse⁸,
1343 663 1406 728 sed

283 755 400 841 potius
431 773 473 819 ex
506 757 654 838 paterna
687 744 903 817 hereffiutab
936 755 993 816 se⁰
1028 751 1154 820 dehere
1188 746 1406 817 attinereffl.

284 843 492 927 Ascitoque⁰
520 842 651 926 iringo,
679 833 895 904 Irminfridif
922 839 1126 918 consiliario,
1155 840 1227 923 egIt
1250 861 1330 905 cum
1352 859 1404 918 ec,

284 933 448 1017 quatinus
470 931 508 996 iu
535 931 677 995 auribus
706 929 901 1014 principum
932 948 972 994 ac
1001 928 1121 1014 fratris
1149 929 1438 996 veredariorum

285 1021 458 1087 conferret
474 1019 723 1085 Theodericum
747 1019 856 1103 patris
879 1019 933 1081 sui
956 1017 1149 1083 concubine
1171 1017 1281 1082 filium
1305 1019 1404 1083 ioress

284 1113 321 1176 et
353 1110 433 1174 ideo
463 1109 588 1174 merito
617 1107 683 1172 sibi
712 1127 848 1172 servum
857 1107 878 1183 ²,
914 1127 983 1172 non
1017 1106 1144 1171 debere
1177 1126 1322 1191 regnum
1357 1108 1407 1170 in-

284 1198 424 1276 vadere,
461 1195 554 1280 quod
588 1217 665 1262 eam
699 1196 889 1281 attingeret
923 1215 965 1260 cx
999 1198 1146 1280 paterna
1179 1196 1406 1261 successione.

285 1279 373 1352 Hie¹¹
415 1286 545 1351 auditis
586 1285 695 1370 iegati
733 1305 804 1349 non
841 1284 1062 1350 mediocriter
1098 1285 1323 1350 verecundati
1361 1285 1407 1349 ad

285 1375 465 1441 dominum
497 1395 597 1439 suum
627 1367 778 1439 rediere¹
808 1373 965 1456 sibique³
993 1372 1192 1438 huiusmodi
1221 1374 1327 1439 verba
1357 1375 1407 1437 in-
1427 1395 1455 1433 ιο

284 1464 409 1530 tulere.
449 1462 517 1543 Qui
539 1463 692 1528 furorem
717 1463 825 1527 animi
847 1460 1013 1526 simulans
1028 1463 1163 1539 statuit,
1188 1463 1270 1546 quia
1285 1463 1407 1526 Irmin-

284 1553 397 1618 iridus
448 1573 484 1618 se
534 1572 597 1637 pro
643 1572 740 1616 servo
786 1550 947 1628 haberet,
998 1545 1230 1634 quantociusk
1279 1553 1311 1616 ei
1361 1551 1408 1615 ad

284 1642 545 1726 obsequendum
591 1643 787 1706 occurreret
799 1640 822 1702 ⁴².
891 1640 937 1704 Et
983 1639 1131 1704 collecta
1180 1640 1407 1705 multitudine

285 1731 508 1808 Francorum,
539 1722 826 1812 Thuringiorum¹
861 1731 971 1796 terras
1004 1729 1132 1793 invasit
1164 1732 1199 1794 et
1232 1729 1407 1793 inmanius

285 1822 420 1886 vastare
444 1818 546 1904 cepit.
1427 1836 1455 1877 rs

394 1915 423 1972 7.
463 1908 612 1984 interea,
636 1910 677 1971 ut
700 1907 866 1990 prefixum
891 1908 953 1983 est,
979 1906 1090 1972 chvi
1112 1906 1243 1971 Albiam
1264 1907 1409 1971 flumine

284 1999 511 2063 transvadato
546 1997 696 2061 fixerunt
729 1995 882 2061 tentoria
915 1995 953 2058 in
990 1994 1085 2058 illius
1118 1998 1211 2061 terre
1250 1996 1409 2060 confinio.

286 2087 393 2151 Porro
415 2085 649 2151 Theodericus
672 2103 733 2149 rex
760 2087 801 2146 ut
824 2084 967 2161 audivit,
999 2085 1101 2167 quiae
1129 2085 1287 2169 copiosus
1317 2103 1408 2149 exer-

287 2176 377 2240 citus
400 2174 598 2239 Swevcrum
627 2175 848 2238 adventasset
876 2172 984 2247 illic⁰,
1016 2173 1188 2249 extimuit,
1218 2194 1262 2238 ne
1286 2173 1409 2236 Irmin-

285 2263 398 2328 iridus
434 2283 492 2328 ecs
526 2263 564 2326 in
598 2262 765 2327 auxilium
800 2261 854 2326 sui
892 2262 1157 2338 nancisceretur,
1197 2262 1292 2346 prior
1327 2263 1409 2327 illos
1428 2279 1457 2318 ευ

287 2352 501 2436 anticipavit,
533 2370 574 2414 ec
603 2351 696 2434 quod
726 2371 783 2416 ecs
816 2349 890 2414 sibi·
916 2351 1078 2435 propiusl'
1112 2355 1226 2415 castra
1259 2355 1409 2416 metasse

287 2441 465 2525 comperit.
511 2440 693 2523 Missisque
716 2459 758 2504 ex
780 2439 1006 2523 optimatibus
1030 2440 1100 2503 suis
1124 2440 1331 2524 spopondite
1359 2441 1409 2504 ais

286 2533 414 2596 terram
439 2529 536 2593 illam
552 2529 588 2593 in
607 2529 854 2613 proprietatem
870 2528 1083 2593 traditurum
1093 2527 1114 2606 ⁵,
1138 2535 1263 2612 quamr
1282 2529 1409 2594 fluvius

287 2618 387 2683 Salsa
409 2639 471 2704 per
494 2618 677 2683 decursum
699 2639 800 2682 suum
825 2617 980 2701 cingeret
1003 2618 1186 2682 defluendo
1201 2619 1238 2681 in
1253 2618 1403 2683 flumens
1471 2679 1477 2688 ,
1581 2587 1583 2636 ³

286 2792 309 2842 a)
322 2795 353 2832 stc
367 2793 394 2835 A.
409 2793 442 2840 Β,
455 2789 580 2832 vindicasse
595 2792 622 2830 G.
678 2791 700 2838 b)
714 2788 842 2830 hereditate
855 2791 883 2833 Β.
937 2789 958 2840 c)
971 2791 1003 2830 stc
1016 2791 1089 2839 ΑΒ,
1102 2791 1146 2832 sibi
1160 2792 1187 2834 G.
1243 2792 1265 2839 d)
1278 2792 1410 2839 ttinereBp
1428 2792 1456 2832 15

286 2847 387 2887 obtinere
402 2847 544 2894 emendares,
559 2845 592 2883 ccl
607 2845 718 2893 attingere
733 2854 743 2881 a
757 2845 772 2886 l.
783 2845 804 2882 8.
828 2843 902 2886 ΗΛ).
957 2843 979 2895 c)
992 2843 1144 2894 accitoqueG,
1159 2849 1261 2894 utsupra
1269 2845 1410 2894 plsami

286 2897 429 2950 sirmundi
443 2899 463 2941 ἰι.
478 2899 493 2941 ἰ.
506 2900 533 2940 Α.
587 2895 610 2946 g)
623 2898 657 2936 hta
671 2897 784 2946 ctutnpuit
798 2897 825 2936 θ.
885 2896 908 2948 h)
922 2897 971 2936 iilis
985 2898 1012 2940 B.
1072 2898 1089 2946 i)
1102 2898 1177 2939 redire
1191 2898 1218 2941 B.
1277 2897 1302 2948 k)
1317 2908 1410 2946 quamo-

287 2953 334 2992 clus
343 2944 462 3002 (fimocius)
471 2953 505 2997 Α,
516 2962 582 3000 quam
592 2951 657 2990 citius
666 2950 687 2988 B
691 2963 700 2998 ,·
712 2955 851 3000 quantocyus
862 2951 887 2992 G.
941 2951 958 2999 l)
969 2952 1000 2990 etc
1009 2953 1036 2992 A.
1045 2951 1073 2994 B.
1082 2952 1109 2990 G.
1164 2953 1195 2999 m)
1206 2953 1237 2990 stc
1248 2952 1269 2994 h.
1278 2953 1294 2994 l.
1305 2951 1331 2994 A.
1341 2952 1367 2994 B.
1376 2951 1410 2998 G,·

287 3006 316 3053 cf.
331 3017 400 3056 cupra
410 3017 434 3055 p.
447 3005 493 3053 181,
508 3016 529 3047 a.
541 3005 556 3046 f.
611 3003 635 3054 n)
648 3003 679 3042 etc
693 3005 737 3051 (qa)
751 3004 777 3042 A.
791 3003 817 3052 Β,
832 3003 941 3052 efisaprc
951 3016 976 3054 p.
988 3005 1034 3052 181,
1046 3016 1104 3055 ως
1120 3002 1181 3053 quod
1190 3005 1217 3047 G.
1270 3004 1367 3053 c)illico
1380 3005 1409 3052 G,

287 3063 392 3100 commuto
401 3059 531 3108 praemisso.
585 3059 608 3106 p)
622 3058 712 3106 propius
726 3057 769 3096 sihi
783 3057 811 3097 G.
866 3056 890 3108 q)
903 3058 1034 3108 spospondit
1047 3058 1075 3101 G.
1123 3057 1143 3108 r)
1158 3062 1265 3106 quantum
1279 3058 1306 3102 G.
1346 3060 1365 3106 s)
1378 3058 1411 3096 stc
1429 3058 1457 3098 ³⁰

287 3117 343 3151 recte
355 3114 375 3150 A
388 3114 443 3159 (non
456 3111 578 3161 huminem,
593 3114 616 3149 ut
631 3110 776 3160 Mtltcnhcff).
789 3111 816 3154 Β,
831 3111 857 3153 G,

287 3232 1411 3372 111111113ἰίξὲΡὲ111011“11ᾞ.011181;113,111ὤὲ

287 3375 491 3444 responsionem
512 3345 589 3428 cham
606 3375 635 3428 in
653 3376 804 3429 amicorum
822 3322 990 3443 presdhtiarh
1007 3323 1079 3429 velile
1097 3323 1216 3432 diffdrre.
1293 3377 1320 3448 1)
1339 3323 1412 3434 lignidi

288 3449 306 3504 l.
320 3451 354 3504 15
366 3464 437 3516 sqq:
456 3446 521 3515 quia
539 3446 592 3499 sibi
609 3463 727 3516 regnum
744 3446 866 3500 cessisset
882 3446 942 3500 iura
957 3446 1132 3514 hereditario,
1150 3450 1247 3516 utpote
1264 3465 1335 3516 quac
1352 3447 1411 3502 filia
1428 3461 1456 3502 st

288 3518 361 3589 regis
388 3521 447 3571 erat
472 3521 501 3570 et
524 3515 582 3570 filia
606 3518 725 3588 reginae.
834 3520 861 3586 2)
890 3518 994 3570 Eadem
1018 3519 1074 3584 scre
1098 3520 1181 3571 acrba
1202 3535 1289 3586 cupra
1311 3537 1341 3590 p.
1366 3522 1409 3588 10,

289 3592 307 3646 ἰ.
322 3592 355 3646 17
365 3606 420 3658 eq:
439 3588 616 3642 Thiadricum
634 3604 699 3641 vero
718 3606 798 3641 suum
816 3605 926 3642 serrum
938 3591 1080 3656 tamquam
1092 3606 1127 3643 cx
1139 3589 1292 3644 concubina
1303 3593 1409 3646 natum.

288 3663 317 3729 3)
340 3661 365 3718 Ι.
384 3677 405 3715 c.
425 3661 513 3728 eique.
585 3659 612 3729 4)
636 3660 707 3714 Ibid.
726 3677 757 3727 p.
777 3661 819 3726 11,
844 3661 860 3714 l.
880 3663 982 3728 8⁸qu
1003 3659 1166 3713 Thiadricns
1184 3663 1277 3714 autem
1295 3662 1411 3715 nimium

287 3732 357 3785 irem
375 3732 455 3785 vultu
473 3731 564 3784 celans
584 3746 695 3784 sereno:
720 3729 846 3799 ‘Oportet
870 3731 937 3798 nos',
959 3730 1057 3798 inquit,
1081 3731 1125 3784 ‘ad
1149 3731 1291 3785 servitium
1309 3731 1410 3786 Irmiu-

289 3802 354 3855 iridi
380 3801 523 3869 festinare,
551 3800 692 3868 quatinus,
723 3801 769 3869 qui
796 3800 925 3855 libertate
951 3801 1101 3870 privamur,
1129 3801 1204 3855 inani
1230 3803 1329 3857 saltem
1353 3804 1411 3857 vita
1428 3816 1457 3854 sc

289 3873 430 3928 fruamur’.
462 3874 503 3926 Dc
521 3876 663 3925 conamina
681 3875 711 3925 in
729 3873 781 3926 lucc
792 3873 968 3942 Raucaque
979 3877 1125 3941 commatre,
1144 3875 1216 3940 quad
1228 3875 1412 3929 Wsdaetncac

288 3950 347 3996 tum
371 3947 506 4009 ηανναυίἰ,
532 3951 626 3997 amor
649 3949 740 3996 nonar
763 3944 836 3996 nihil
859 3941 963 3999 habet
989 3944 1156 4012 Mdilcnhoff,
1178 3945 1316 4002 ‘Zeitcchn
1335 3950 1357 4013 s.
1375 3948 1410 4002 D.

289 4015 353 4068 Aa!
378 4015 480 4082 XVII,
506 4032 535 4081 p.
560 4017 607 4077 66,
631 4018 760 4081 proponit
784 4015 911 4082 Rucdctfl
932 4014 1012 4069 Falci.
1040 4033 1060 4070 c.
1086 4018 1115 4081 1,
1142 4016 1192 4071 SS.
1217 4016 1263 4082 II,
1287 4033 1319 4084 p.
1342 4020 1410 4074 6⁷4:

290 4083 496 4155 Thuringorum
522 4127 528 4140 .
556 4127 562 4140 .
588 4089 690 4139 terram
716 4127 722 4140 .
750 4127 756 4140 .
782 4084 930 4154 crudeliter
953 4085 1027 4139 ferro
1051 4086 1169 4140 vastarit
1196 4091 1224 4141 et
1249 4087 1316 4157 igni,
1360 4089 1412 4142 Sed

291 4171 455 4222 anonymum
467 4156 591 4221 Ruodolfi
605 4157 821 4209 Transluticncm
834 4173 906 4224 prce
922 4157 1005 4210 coac
1022 4157 1146 4211 Ῑιαόεἰεεε
1157 4159 1233 4211 haud
1243 4161 1411 4215 cradidmis.
1428 4169 1456 4209 ac

290 4228 318 4292 5)
338 4225 379 4292 Cf.
398 4243 466 4294 quaa
481 4227 666 4280 Widukindue
682 4229 1411 4298 caprap.1c,t.11sqq.de3aaoneeas-qaom

291 4297 377 4350 ccam
395 4296 437 4349 tic
455 4299 541 4350 swevi
557 4298 673 4350 cottam
692 4327 724 4338 -
743 4300 851 4351 rasit:
876 4299 900 4351 si
925 4298 1036 4366 quidem
1060 4299 1201 4354 vincerent
1218 4299 1411 4367 Irminhidun

291 4365 443 4434 urbemque
462 4371 599 4435 caperent,
618 4371 720 4422 terram
738 4367 777 4423 eis
794 4369 824 4422 in
841 4369 1038 4437 possessionem
1056 4374 1196 4426 aeternam
1213 4371 1345 4430 hademt.
