3178 4880
312 334 345 387 16
758 329 977 386 WIDUKINDI

309 515 396 594 iuga
418 513 565 578 salutem
582 501 757 596 quaerite'.
797 513 885 578 Saxo
902 515 1020 578 statim
1037 515 1199 578 emittens
1215 515 1425 599 aecipitrem

310 602 409 665 sociis
450 603 594 666 retulita
635 623 723 684 quae
764 603 907 666 audivit.
969 603 1029 666 Illi
1067 603 1150 666 satis
1189 605 1352 668 commoti
1389 605 1427 668 in

310 683 492 773 promptub
520 711 590 754 non
619 690 856 766 inveniebant,
893 691 976 774 quid
1007 711 1109 774 super
1138 692 1204 755 hoo
1235 712 1336 776 agere
1371 694 1425 758 de·

311 779 465 842 buissent
476 779 496 840 1.

417 867 502 930 ΧΠ
546 867 631 930 Erat
654 870 770 932 autem
793 870 878 932 tuno
901 868 939 931 in
962 869 1082 932 eastris
1106 869 1246 950 quidam
1270 869 1313 932 de
1335 873 1457 934 vete-s

242 949 244 956 ’
309 955 401 1019 ranis
425 950 615 1019 militibus(1
639 957 708 1018 iam
732 956 853 1030 senior,
879 957 938 1021 sed
962 957 1064 1019 viridi
1087 958 1287 1021 senectute²
1311 958 1424 1022 adhue

308 1044 441 1126 vigens,
481 1045 541 1127 qui
578 1044 702 1108 merito
742 1045 908 1108 bonarum
942 1045 1111 1108 virtutum
1149 1048 1249 1128 pater
1286 1049 1424 1129 patrum

308 1132 497 1208 dicebatur,
521 1133 660 1196 nomine
684 1131 929 1215 Emungam-³.
981 1133 1050 1198 Hie
1079 1133 1245 1216 arripiens
1276 1135 1422 1218 signum,

308 1221 399 1303 qnod
424 1222 516 1304 apud
540 1241 597 1285 eos
621 1220 814 1284 habebatur
837 1241 981 1298 saevum,
1005 1222 1114 1286 leonis
1138 1225 1242 1305 atque
1266 1223 1423 1288 draconis

309 1311 344 1372 et
381 1311 527 1393 desuper
565 1309 701 1391 aquilae
738 1309 888 1373 volantis
925 1310 1130 1394 insignitum
1168 1310 1285 1394 effigie
1293 1311 1315 1389 4,
1356 1332 1423 1395 quo
1443 1335 1468 1373 ιο

308 1401 498 1462 ostentaret
520 1397 738 1461 fortitudinis
761 1399 865 1480 atque
888 1399 1093 1481 prudentiae
1117 1402 1152 1462 et
1176 1420 1294 1464 earnm
1308 1421 1422 1464 rerum

308 1486 509 1562 efficatiam,
546 1479 602 1550 ets
632 1489 730 1550 motu
764 1487 915 1570 eorporis
948 1488 1076 1551 animig
1106 1489 1336 1552 constantiam
1369 1490 1422 1554 de·

308 1574 441 1638 olarans
466 1573 550 1638 *ait:
577 1567 797 1657 ‘Huousqueh
821 1575 913 1639 inter
936 1577 1083 1659 optimos
1107 1575 1257 1640 Saxones
1279 1577 1358 1654 vixi,
1387 1581 1423 1641 et
1442 1599 1536 1650 aaa.

308 1663 351 1726 ad
382 1663 472 1726 hano
501 1664 575 1727 iere
605 1663 764 1726 ultimam
795 1665 1008 1728 senectutem
1038 1667 1134 1729 aetas
1164 1685 1218 1728 me
1251 1665 1420 1748 perduxit,

307 1755 342 1814 et
372 1772 558 1834 numquam
590 1744 758 1816 Saxones¹
789 1772 882 1816 meos
910 1753 1032 1834 fugere
1062 1753 1149 1828 vidi;
1186 1755 1222 1816 et
1251 1755 1421 1836 quomodo
1442 1776 1467 1815 rs

306 1833 421 1903 nunek
440 1859 543 1922 oogor
566 1859 667 1922 agere
690 1840 783 1922 quod
806 1860 993 1924 numquam
1014 1841 1145 1905 didici?
1167 1840 1324 1906 'Cartare
1340 1842 1419 1919 seio,

306 1928 428 2011 fugere
458 1928 578 2011 ignoro
608 1949 672 1992 neo
701 1928 810 1992 valeo.
870 1928 906 1991 si
939 1929 1015 1992 fata
1049 1950 1118 1993 non
1154 1929 1295 1993 sinunt⁵
1328 1931 1421 1994 ultra

305 2015 435 2098 vivere,
453 2016 558 2080 liceat
581 2015 713 2093 saltem,
738 2016 830 2098 qnod
854 2017 961 2080 miohi
984 2018 1219 2082 duloissimum
1248 2022 1310 2096 est,
1342 2039 1421 2082 oum

307 2105 424 2168 amieis
455 2104 668 2169 oooumbere.
721 2099 897 2188 iihremplil
927 2106 1033 2170 miehi
1062 2111 1227 2190 paternae
1255 2107 1421 2170 virtutism

306 2195 388 2254 sunt
411 2193 597 2257 amicorum
621 2213 765 2275 corpora
788 2193 878 2256 eirca
900 2215 963 2258 nos
993 2197 1175 2278 prostrata,
1206 2195 1266 2279 qui
1295 2195 1420 2260 malue—
1439 2219 1466 2257 ro

305 2284 388 2344 runt
411 2281 498 2344 mori
526 2301 628 2363 quam
651 2281 752 2358 vinci,
783 2281 937 2365 inpigras
967 2284 1098 2347 animas
1128 2284 1287 2348 amittere
1316 2305 1420 2366 qnam

306 2389 419 2432 eoram
449 2369 596 2434 inimicis
626 2369 702 2432 loeo
733 2370 863 2434 cedere
917 2370 984 2434 Sed
1019 2373 1101 2456 quid
1136 2392 1273 2436 neeesse
1308 2372 1419 2437 habeo

305 2458 579 2521 exhortationem
629 2458 830 2541 protrahere
882 2459 1071 2543 tantisperll
1121 2460 1164 2526 de
1218 2463 1419 2544 contemptu

304 2545 448 2609 mortis?
495 2546 583 2610 hicne
614 2547 658 2609 ad
689 2566 825 2610 securos
854 2547 994 2623 ibimus,
1026 2549 1070 2613 ad
1100 2550 1239 2614 eaedem
1269 2552 1417 2627 tantum,

303 2655 371 2696 non
407 2635 452 2697 ad
486 2654 648 2718 pugnam.
705 2634 795 2698 Nam
831 2635 873 2700 de
908 2638 1074 2720 promissa
1107 2657 1191 2720 pace
1226 2659 1266 2701 ao
1300 2640 1418 2702 nostro
1437 2659 1466 2698 rs

303 2723 399 2805 gravi
421 2722 564 2786 vulnere
587 2722 697 2786 nichil
720 2723 940 2807 suspicantur
966 2726 1108 2802 adversi,
1142 2726 1309 2790 hodierno
1339 2747 1418 2810 quo·

302 2830 368 2893 que
391 2811 500 2894 prelio
522 2811 665 2895 fatigati
688 2812 976 2895 quemadmodum
999 2817 1089 2891 sunt,
1107 2814 1180 2878 sine
1197 2817 1326 2889 metu0,
1344 2815 1417 2880 sine

301 2900 429 2984 vigiliis
464 2903 500 2964 et
534 2900 637 2964 solita
671 2901 828 2964 oustodia
864 2905 1016 2965 manent.
1077 2902 1275 2966 Irruamusl’
1310 2903 1418 2984 igitur

302 3008 404 3072 snper
426 2989 616 3072 inprovisos
639 2991 675 3069 et
698 3009 817 3052 somno
841 2989 1023 3073 sepultos⁶‚
1048 3011 1168 3073 parum
1193 2991 1320 3054 laboris
1346 2996 1414 3070 est3

302 3077 484 3159 sequimini
508 3097 561 3141 me
586 3078 718 3154 ducem,
744 3079 779 3142 et
803 3078 868 3141 hoo
892 3098 1015 3141 eanum
1046 3082 1150 3162 eaput
1181 3100 1294 3143 meum
1318 3080 1463 3146 vobisne

301 3167 412 3241 trado,
437 3165 466 3228 si
488 3185 558 3228 non
583 3166 736 3228 evenerit
759 3166 851 3249 quod
874 3165 973 3229 dioo’.
1021 3167 1121 3232 Illius
1144 3168 1253 3251 igitur
1275 3169 1415 3251 optimis

300 3252 413 3316 verbis
449 3253 554 3318 erecti
592 3253 684 3335 quod
723 3258 899 3336 supererat
938 3255 1007 3319 diei
1040 3255 1077 3318 in
1114 3256 1307 3320 reficiendis
1345 3258 1415 3320 suis

300 3422 323 3474 a)
337 3423 423 3463 rettulit
437 3423 459 3462 0.
520 3425 543 3473 b)
557 3435 602 3464 nou
616 3425 762 3465 inueniebant
775 3426 888 3474 mimum
902 3426 1054 3476 inueniebant,
1069 3438 1083 3466 a
1098 3429 1173 3470 odrae.
1187 3428 1218 3478 A)
1231 3428 1254 3466 in
1268 3433 1373 3478 promptu
1386 3431 1414 3472 A.

299 3477 348 3518 131.
409 3478 429 3524 o)
447 3477 498 3520 XII.
516 3478 540 3517 0.
600 3475 623 3525 d)
642 3479 670 3517 de
687 3482 732 3520 vet.
749 3479 793 3520 mih
814 3489 856 3520 om.
876 3480 974 3522 Meibom.
990 3492 1015 3529 p.
1031 3481 1044 3520 d
1062 3481 1130 3531 (6³2).
1189 3480 1210 3531 e)
1228 3482 1335 3530 hatugato
1352 3481 1414 3524 mu.

299 3531 318 3578 i)
331 3535 355 3569 et
364 3541 404 3572 om.
414 3531 440 3572 A.
449 3531 501 3580 313
517 3532 537 3569 A
546 3530 615 3580 inepte
624 3531 748 3580 duumuir:
762 3529 887 3582 prudentie.
902 3539 925 3573 ot
938 3543 1015 3572 aarum
1029 3545 1104 3572 rerum
1114 3533 1233 3574 efficatiam
1243 3539 1305 3574 motu
1314 3535 1413 3584 eorporis
1433 3533 1461 3573 85

300 3583 369 3622 animi
382 3585 527 3623 constantiam
543 3581 659 3624 declarans
674 3589 710 3627 uc.
763 3587 785 3634 g}
803 3586 877 3637 animp
894 3597 950 3628 corr.
969 3587 1038 3625 animi
1055 3588 1080 3627 θ.
1134 3588 1157 3635 h)
1175 3587 1225 3626 Huo
1243 3598 1314 3636 nsque
1331 3588 1414 3627 duabus

300 3637 385 3675 vocibus
399 3637 426 3675 A.
442 3637 464 3678 0.
518 3635 534 3687 i)
549 3648 609 3676 meos
623 3649 717 3677 saxones
730 3639 778 3680 Β1.
833 3639 1088 3686 k)nunoom.A.131.
1147 3639 1163 3691 1)
1177 3641 1207 3678 sio
1221 3642 1248 3682 A.
1262 3641 1291 3689 C,·
1305 3641 1414 3690 Exempla

299 3691 350 3740 Bl3
365 3689 474 3738 Exemplo
489 3689 536 3730 Ba.
550 3691 613 3733 Fusa.
680 3689 711 3741 m)
728 3693 759 3730 aio
772 3692 799 3732 A.
812 3693 859 3734 Β1.
873 3693 902 3737 O:
915 3693 1010 3732 uirtutes
1023 3693 1070 3734 ΒΞ,
1083 3693 1153 3742 Frut„
1172 3695 1209 3742 pm·
1228 3697 1277 3733 ants
1294 3695 1414 3734 amioorum

299 3754 382 3782 comma
393 3746 484 3792 ponam.
538 3742 562 3794 n)
576 3747 661 3783 rantum
675 3745 736 3786 nau.
790 3743 813 3796 o)
827 3745 859 3784 ita
873 3745 924 3786 add.
938 3746 1001 3785 Frut.
1055 3747 1078 3795 p)
1092 3747 1182 3786 Irrnera
1195 3747 1242 3790 132.

300 3867 327 3937 1)
347 3867 420 3918 Haec
438 3869 547 3931 fabulum
564 3869 692 3919 memoria
708 3868 791 3935 poulo
807 3869 941 3934 duismeput
959 3883 1017 3919 oum
1029 3885 1069 3934 eu,
1081 3885 1162 3936 quom
1176 3869 1257 3936 Oripo
1270 3870 1413 3922 Suanorum
1431 3885 1458 3924 4ο

299 3953 319 3996 o,
339 3941 363 3992 9.
383 3938 475 3990 melius
494 3941 695 4004 accuratiusque
720 3938 830 3992 exhibo.
902 3940 930 4006 2)
947 3939 1045 4005 Verpil.
1064 3940 1130 3994 Aeu.
1150 3941 1197 4006 VI,
1223 3959 1246 3995 v.
1265 3943 1332 3995 304:
1357 3941 1413 3994 iam

298 4007 396 4072 senior,
416 4011 457 4060 set
474 4008 559 4060 oruda
577 4007 628 4061 deo
647 4007 794 4075 viridisque
819 4012 950 4064 senectus.
1040 4011 1068 4077 3)
1095 4010 1168 4062 Eum
1193 4011 1412 4063 tauromenum

298 4081 388 4131 ducem
406 4080 492 4142 fuisse
509 4079 635 4144 Ruodolf.
653 4079 761 4133 Transi.
781 4079 808 4136 S.
826 4080 913 4144 Alea,
933 4079 980 4134 SS.
999 4079 1038 4146 II,
1055 4097 1084 4146 p.
1098 4083 1159 4145 674,
1178 4082 1248 4134 dicit.
1320 4081 1350 4148 4)
1370 4082 1411 4146 cf.

298 4150 334 4204 K.
348 4149 382 4203 E.
396 4149 431 4204 Η.
445 4150 564 4214 Krousa,
583 4151 625 4204 ‘N.
643 4149 755 4202 Archio’
774 4151 854 4214 XVI,
873 4166 902 4215 p.
919 4152 979 4205 611.
1052 4153 1080 4218 5)
1095 4150 1307 4217 Verpil.Aen.1',
1325 4167 1348 4205 o.
1363 4153 1410 4206 18:

299 4220 321 4271 si
340 4236 393 4287 qua
411 4218 468 4272 fata
480 4220 583 4288 sinant3
602 4221 653 4286 IV,
673 4239 694 4275 v.
709 4223 776 4276 651:
795 4219 860 4271 dum
873 4218 931 4272 fata
943 4219 1062 4287 deusque
1077 4221 1191 4276 sinebat.
1264 4221 1292 4290 6)
1311 4223 1411 4288 Verpu’l.
1429 4235 1455 4274 45

299 4292 364 4345 Aen.
384 4291 424 4355 II,
442 4309 465 4345 v.
485 4293 552 4346 265:
571 4307 666 4344 somno
684 4291 801 4357 vinoque
819 4290 962 4358 sepultam.
999 4291 1040 4356 Os.
1060 4293 1140 4355 infru
1157 4292 1197 4356 II,
1216 4293 1258 4347 20.
