3178 4880
302 305 335 358 10
748 301 967 358 WIDUKINDI

301 485 345 548 ad
367 488 413 561 te,
445 487 611 567 exoptans
640 488 677 548 te
708 484 795 550 bene
819 486 932 550 valere
964 488 1000 549 et
1030 486 1102 549 lato
1132 507 1325 570 magnoque
1356 487 1422 550 diu

300 566 445 656 imperio
468 573 592 655 vigere,
621 592 725 655 seque
755 573 821 638 tibi
849 593 920 636 non
948 574 1134 651 dominum,
1167 576 1226 639 sed
1257 575 1414 649 amioum,

301 681 370 724 non
407 662 665 744 imperatorem,
702 662 761 726 sed
796 662 1042 745 propinquum,
1081 663 1421 747 propinquitatisque·

300 751 377 813 iura
399 749 646 814 inviolabiliter
667 750 734 814 tibi
757 751 928 814 finetenus
943 751 1032 816 velle
1056 771 1190 816 servare
1214 752 1413 827 demandat;

300 841 438 902 tantum
461 841 502 901 ut
525 860 546 901 a
564 838 684 922 populi
699 839 907 902 Francorum
926 840 1109 903 concordia
1123 861 1193 903 non
1209 840 1382 904 discordes
1393 839 1413 917 ¹,
1435 864 1454 904 s

300 930 413 1009 rogat:
431 927 565 1011 ipsuma
580 947 729 1010 namque
745 927 811 991 sibi
825 947 942 1010 regem
959 931 1150 1011 sequuntur
1165 927 1415 992 constitutum’.

304 1016 355 1078 Ad
380 1016 465 1080 haec
482 1009 738 1092 Irminfridusb‚
763 1016 862 1079 iuxta
885 1017 976 1099 quod
999 1016 1150 1099 regalem
1174 1017 1291 1081 decuit
1307 1017 1416 1100 digni·

300 1107 419 1179 tatem,
445 1103 631 1168 clementer
654 1103 790 1187 legat0⁰
811 1105 990 1187 respondit
1013 1105 1142 1188 placita
1165 1106 1231 1170 sibi
1254 1100 1411 1189 placere‘¹

300 1191 420 1275 populi
436 1192 655 1268 Francorum,
680 1193 742 1256 ab⁰
764 1213 881 1256 eorum
906 1194 1089 1258 concordia
1103 1215 1173 1257 non
1189 1194 1384 1257 discordare
1393 1194 1412 1270 1,

300 1273 405 1363 pacef
432 1280 637 1344 omnimodis
659 1281 830 1364 indigere;
856 1301 958 1365 super
981 1283 1119 1365 negotio
1143 1303 1223 1346 vero
1246 1283 1344 1366 regni
1366 1303 1415 1347 re·
1436 1307 1467 1346 ro

301 1369 517 1452 sponsionem
542 1389 639 1432 suam
662 1369 699 1432 in
723 1369 909 1433 amicorum
933 1370 1141 1453 presentiam
1156 1370 1245 1434 velle
1265 1371 1413 1434 differre.

299 1457 488 1540 Virumque
512 1458 699 1521 honorifice
721 1460 876 1522 tractans
898 1459 1006 1522 fecitg
1025 1479 1104 1522 eum
1121 1479 1237 1523 secum
1253 1458 1414 1542 aliquam-

301 1546 361 1609 diu
376 1566 524 1610 manere.
559 1546 715 1610 Audiens
730 1550 847 1609 autem
863 1547 983 1630 regina
998 1546 1152 1630 legatum
1167 1547 1286 1611 fratris
1302 1567 1415 1632 super·

303 1634 433 1700 venisse
457 1638 493 1698 et
516 1634 669 1698 locutum
696 1655 774 1698 cum
797 1655 877 1717 rege
902 1655 1005 1718 super
1026 1636 1167 1718 negotio
1182 1636 1289 1719 regni,
1306 1635 1414 1699 suasit

300 1715 453 1806 Iringoh,
478 1725 519 1786 ut
542 1723 671 1806 pariter
694 1724 941 1805 persuaderent
964 1724 1046 1800 viro,
1077 1725 1158 1806 quia
1181 1724 1247 1789 sibi
1269 1744 1414 1806 regnum
1436 1747 1467 1787 1s

300 1812 456 1874 cessisset
479 1811 553 1876 iure
577 1810 796 1890 hereditario,
820 1814 942 1894 utpote
965 1833 1052 1895 quae
1075 1813 1148 1876 filia
1170 1814 1259 1895 regis
1284 1815 1358 1876 erat
1379 1815 1414 1876 et

300 1900 372 1962 filia
394 1899 549 1982 reginae3
574 1898 796 1962 Thiadricum
819 1920 901 1964 vero
925 1893 1042 1964 suumi
1073 1921 1206 1965 servum
1237 1903 1414 1984 tamquam

300 2009 342 2052 ex
365 1987 557 2052 concubina
580 1990 710 2064 natum,
735 1991 771 2052 et
793 1989 872 2052 ideo
895 1989 1058 2053 indecens
1073 1991 1148 2054 iore
1163 1989 1301 2074 proprio
1317 2010 1414 2054 servo

300 2097 461 2159 umquam
486 2096 607 2138 manus
632 2070 778 2140 darei-².
824 2077 910 2140 Erat
932 2081 1048 2142 autem
1072 2072 1187 2160 Iring¹
1217 2079 1269 2142 vir
1291 2078 1412 2155 audax,

299 2164 401 2228 fortis
425 2163 560 2242 manu3‚
586 2185 664 2229 acer
686 2165 857 2248 ingenim,
882 2169 1004 2230 acutus
1028 2167 1181 2244 consilio,
1203 2167 1361 2251 pertinax
1377 2167 1414 2228 in
1434 2189 1466 2230 so

300 2253 442 2334 agendis
465 2252 577 2329 rebus,
600 2252 714 2316 facilis
738 2254 781 2317 ad
805 2255 1019 2319 suadendum
1042 2275 1130 2338 quae
1153 2255 1268 2333 vellet,
1292 2255 1413 2337 hisque

300 2340 403 2404 rebus
427 2342 578 2404 animum
603 2342 668 2405 sibi
692 2336 906 2406 Irminfridib
927 2347 1168 2408 connexeratm.
1209 2343 1413 2407 Convocatis

300 2429 533 2512 principibusn
576 2433 611 2494 et
656 2432 856 2495 necessariis
895 2433 1012 2495 amieis
1050 2432 1272 2496 irminfridus
1309 2431 1414 2496 verba

300 2518 408 2599 legati
431 2518 468 2581 in
491 2519 698 2601 presentiam
723 2540 839 2584 eorum
864 2519 1023 2584 contulit.
1061 2522 1110 2584 At
1132 2521 1186 2584 illi
1204 2520 1415 2586 unanimiter

300 2607 493 2670 suadebant
538 2626 625 2690 quae
663 2609 757 2691 pacis
803 2611 927 2691 atque⁰
969 2610 1170 2674 concordiae
1215 2612 1297 2672 sunt
1335 2629 1413 2673 eum
1434 2630 1464 2670 rs

300 2696 461 2772 sentirel',
509 2696 590 2777 quia
627 2698 766 2779 inpetus
804 2697 1012 2761 Francorum
1051 2698 1142 2762 ferre
1180 2719 1250 2762 uon
1287 2700 1412 2781 posset,

300 2784 447 2848 manime
469 2785 528 2866 qui
552 2784 740 2848 acrioribus
763 2786 915 2848 hostium
939 2786 1042 2850 armis
1066 2807 1107 2850 ex
1130 2787 1199 2850 alia
1221 2789 1318 2870 parte
1342 2806 1413 2869 pre·

300 2875 459 2936 meretur.
498 2866 615 2955 Iringb
635 2893 716 2938 vero
738 2873 827 2937 votis
850 2874 998 2939 lascivae
1019 2875 1171 2938 mulieris
1187 2875 1411 2952 satisfaciens,

300 2961 407 3025 suasit
441 2955 664 3026 irminfridob
698 2961 839 3026 Francis
879 2963 998 3028 cedere
1033 2983 1102 3026 non
1137 2963 1276 3041 debere,
1312 2983 1413 3046 super

299 3050 439 3133 negotio
462 3051 560 3133 regni
575 3048 754 3114 iustiorem
771 3070 909 3115 oausam
925 3071 961 3115 se
977 3051 1113 3128 habere,
1131 3051 1241 3116 latum
1257 3055 1413 3135 preterea
1433 3072 1464 3112 so

298 3138 497 3220 imperium,
536 3139 708 3202 militum(l
742 3159 863 3202 manus
898 3141 934 3204 et
968 3159 1062 3204 arma
1096 3143 1294 3222 ceterasque
1329 3139 1412 3205 belli

300 3226 415 3310 copias
438 3225 504 3289 sibi
527 3247 567 3290 ao
589 3226 773 3291 Thiadrico
792 3249 918 3350 parum
948 3228 1131 3312 procedere
1142 3227 1164 3290 ⁵.
1217 3228 1412 3292 Secundum

300 3314 384 3376 haee
423 3313 528 3377 verba
565 3314 788 3378 Irminiridus
850 3317 1029 3399 respondit
1070 3316 1187 3399 legato
1226 3316 1412 3380 amicitiam

300 3400 444 3482 quidem⁴
467 3402 521 3464 sui
550 3405 606 3466 ets
632 3404 925 3487 propinquitatem
955 3404 1139 3469 Thiadrioo
1174 3426 1242 3470 non
1276 3424 1410 3488 negare,

299 3489 418 3552 mirari
438 3492 576 3554 tamen⁸
596 3512 666 3554 non
689 3512 797 3575 posse,
822 3494 992 3575 quomodo
1015 3513 1181 3576 usurpare
1197 3493 1302 3560 vellet
1317 3492 1412 3577 prius
1433 3513 1462 3554 ss

299 3659 321 3711 a)
342 3662 414 3710 ipsum
432 3682 459 3690 -
477 3663 621 3703 constitutam
641 3675 682 3707 om.
703 3665 725 3707 0.
792 3665 815 3712 1))
836 3664 867 3704 sic
887 3665 926 3704 hoc
945 3667 993 3704 loco
1013 3667 1078 3705 etiam
1099 3665 1121 3710 Ο.
1188 3669 1209 3714 c)
1229 3677 1288 3715 resp.
1305 3665 1347 3714 leg.
1364 3665 1412 3707 Bl.

299 3715 323 3763 d)
341 3715 410 3756 franc.
424 3726 475 3764 pop.
490 3715 578 3764 placere
592 3717 640 3761 131.
699 3720 720 3765 e)
738 3716 767 3756 ad
786 3718 809 3761 Ο.
867 3719 888 3765 f)
905 3729 983 3768 pacem
997 3720 1020 3762 0.
1077 3719 1102 3770 g)
1120 3719 1176 3758 facit
1189 3721 1217 3762 A.
1276 3718 1300 3769 h)
1318 3718 1412 3767 Hir-ingo

299 3768 319 3806 B
325 3768 347 3824 11.
405 3769 421 3816 i)
436 3779 500 3808 suum
515 3780 557 3812 om.
570 3770 617 3811 Bt.
678 3770 702 3818 k)
716 3769 780 3810 daret
793 3772 821 3811 A.
883 3773 899 3819 l)
913 3773 982 3821 irring
996 3773 1020 3823 0,
1035 3773 1089 3812 aliti
1102 3783 1152 3812 coro
1165 3774 1237 3824 iriug;
1252 3773 1359 3822 Hiringus
1372 3771 1412 3810 Ba

299 3831 393 3870 sempcr5
406 3822 514 3872 uir-iring
528 3823 555 3866 A.
603 3825 634 3871 m)
647 3824 678 3862 stc
691 3824 717 3867 A.
732 3825 782 3872 313
798 3829 920 3864 conexas-at
933 3827 957 3868 0.
970 3826 1046 3874 Frut.,·
1060 3826 1271 3866 connexueratcs.
1320 3825 1413 3874 n)prin-

299 3874 361 3914 cibus
375 3875 399 3916 0.
454 3875 801 3926 o)ernr.1rma.,a0urauoi.
855 3876 878 3928 p)
893 3880 1017 3919 consentire
1030 3879 1079 3918 131.
1131 3879 1154 3927 q)
1167 3890 1245 3918 manus
1259 3878 1353 3918 militum
1366 3879 1414 3922 Bl.
1432 3883 1464 3922 w

299 3926 319 3976 r)
337 3937 363 3966 ac
376 3928 422 3970 132.
477 3926 496 3976 s)
515 3929 569 3968 satis
583 3929 634 3972 add.
647 3929 717 3980 Frua,
732 3931 760 3978 ct.
775 3930 838 3977 infra
847 3931 917 3981 mo,
932 3942 987 3984 ηας
1002 3937 1076 3972 tamen
1090 3933 1203 3972 nonsatis
1218 3932 1414 3980 Benearnum.

300 4049 326 4117 1)
344 4051 417 4104 Orici.
435 4051 496 4104 Mct.
516 4052 539 4112 1,
558 4069 580 4106 v.
595 4055 663 4107 433:
682 4051 784 4105 discors
803 4053 956 4109 concordia.
994 4056 1037 4119 Of.
1056 4057 1135 4120 infra
1150 4057 1221 4124 prol.
1240 4057 1277 4106 acl
1295 4054 1337 4109 lib.
1356 4053 1413 4109 ΙΙΙ.

299 4121 326 4187 2)
354 4120 456 4174 Eadem
480 4125 552 4174 ratio
574 4140 601 4190 p.
624 4126 667 4188 11,
692 4125 709 4178 l.
728 4126 797 4190 2aq.
822 4130 846 4176 et
869 4126 949 4189 infra
970 4126 1024 4193 III,
1045 4128 1087 4182 69.
1178 4128 1206 4192 3>
1228 4126 1326 4193 Verpa.
1345 4127 1413 4181 Am.

299 4191 352 4256 IX,
364 4209 387 4248 a.
400 4195 466 4248 592:
483 4191 636 4260 fortemque
648 4210 738 4248 manu.
811 4196 839 4262 4)
851 4195 897 4246 Ita
909 4195 1018 4252 Sallust.
1031 4197 1167 4264 laquatico
1182 4214 1203 4252 c.
1214 4200 1238 4251 7.
1310 4198 1337 4263 5)
1354 4196 1377 4250 Ι.
1391 4213 1413 4252 e.

294 4278 397 4328 parum
414 4266 485 4316 inter
502 4279 529 4316 sc
546 4265 678 4330 differam*
698 4266 734 4329 cf.
752 4266 829 4330 infra
847 4264 888 4333 ΙΙ,
907 4269 948 4321 10.
1435 4287 1466 4326 45

1582 415 1583 430 1

1582 485 1583 496 i

1582 513 1583 526 1

1581 599 1583 656 t

1581 1351 1583 1430 1

1581 1433 1583 1480 i
