3202 4874
287 339 426 460 RFRUM
444 341 657 398 GESTARUM
675 342 957 398 SAXONIOARUM
974 342 1047 400 LIB.
1065 343 1121 400 III.
1213 347 1264 402 113

158 408 169 467 ,·’
223 410 239 479 ,s
264 413 279 464 i
308 461 313 472 ,

143 425 368 598 aloariiti‘d,
398 524 435 586 in
460 524 574 588 dando
599 524 764 608 largitas1
787 528 832 602 et,
861 526 955 608 quod
984 527 1155 608 optimum
1178 529 1334 604 oratioe.
1488 607 1493 617 .

144 611 188 674 ad
228 611 361 676 cultum
400 612 554 676 divinum
594 613 722 677 bonum
761 613 924 677 studium.
991 614 1106 697 Igitur
1148 636 1377 699 presesroana
1411 636 1487 710 pas

144 721 248 784 super
270 701 434 824 paludem
458 704 494 766 et
517 702 655 777 fiumen,
688 702 744 766 cui
766 703 866 786 palus
890 703 1051 767 adiacens
1075 706 1159 780 erat,
1190 704 1263 767 bar·
1400 716 1416 746 ν
1463 715 1470 728 ⁴

144 789 267 852 barum
320 789 507 852 salutabat.
565 790 631 853 Oui
661 790 823 854 Sclavuse
857 791 1015 874 aequalia
1049 787 1262 874 responditd.

112 877 201 940 sAd
231 897 332 960 quem
367 898 498 961 preses:
531 878 633 942 ‘Satis
663 879 730 943 tibi
761 882 867 954 esset,
903 880 932 942 si
962 878 1092 944 bellum
1127 899 1263 962 gereres

144 969 267 1030 contra
301 987 410 1029 unum
444 970 600 1030 nostrum
636 968 678 1031 de
713 969 819 1031 servis
849 968 980 1032 domini
1010 969 1091 1043 mei,
1128 970 1164 1032 et
1193 990 1264 1033 non

144 1054 250 1118 etiam
282 1059 403 1119 contra
431 1055 607 1119 dominum
638 1076 752 1120 meum
902 1103 909 1118 .
964 1055 1049 1134 Quis
1077 1057 1144 1120 tibi
1173 1076 1263 1121 exer·

144 1142 244 1220 citus,
269 1164 357 1226 quae
381 1164 486 1220 arma,
510 1147 552 1206 ut
575 1144 660 1207 talia
683 1127 842 1228 pretuma
960 1145 992 1206 ιθ
1021 1145 1138 1228 aliqua
1166 1145 1263 1210 vobis

143 1232 254 1295 virtus
285 1226 410 1309 adsitf,
443 1233 472 1295 si
502 1235 603 1309 artes,
635 1233 664 1296 si
694 1233 870 1309 audatiass,
907 1234 988 1297 date
1018 1234 1118 1298 nobis
1148 1232 1264 1298 locum

101 1343 126 1380 ιο
144 1320 190 1383 ad
224 1340 283 1383 vos
318 1320 537 1397 transeundi,
577 1323 647 1386 sive
681 1342 743 1385 nos
778 1321 875 1385 vobis
910 1322 979 1385 huc
1013 1323 1192 1398 veniendi,
1228 1325 1264 1386 et

144 1411 292 1491 aequato
315 1409 392 1473 loco
419 1409 590 1473 fortitudo
621 1412 786 1494 appareat
816 1411 1042 1492 pugnatoris‘.
1095 1410 1258 1474 Sclavus⁰
1348 1481 1352 1488 ,

144 1496 324 1561 barbarico
359 1518 453 1562 more
491 1498 655 1562 frendens
691 1500 726 1562 et
764 1499 876 1561 multa
914 1499 1069 1562 convicia
1103 1519 1262 1563 evomens

143 1586 252 1649 irrisit
282 1585 453 1651 (ieronem
484 1587 794 1710 imperatoremque
825 1590 860 1650 et
894 1607 1031 1651 omnem
1063 1588 1261 1662 exereitum,

144 1675 256 1738 sciens
294 1696 312 1738 e
405 1674 530 1784 ‘less
589 1675 756 1739 molestiis
794 1679 1031 1758 aggravatum.
1089 1674 1180 1740 Gero
1219 1676 1264 1738 ad

100 1785 125 1823 ιι
144 1763 231 1827 haec
250 1696 464 1914 coffdiris}
475 1767 515 1826 ut
535 1766 610 1826 erat
629 1764 736 1827 animi
755 1763 1024 1827 ardentissimi2:
1051 1761 1261 1840 ‘Orestinus’,

143 1851 275 1934 inquit,
322 1853 395 1916 dies
458 1851 642 1928 eolarabit,
680 1855 722 1915 tu
757 1855 793 1916 et
827 1853 975 1936 populus
1009 1855 1091 1916 tuus
1130 1846 1256 1917 fortesi

143 1941 275 2004 viribus
310 1941 384 2004 sitis
419 1961 464 2004 an
498 1961 577 2004 non.
636 1939 719 2004 Ores
754 1941 845 2004 enim
881 1961 943 2004 nos
976 1940 1152 2004 vobiscum
1187 1961 1263 2004 con·

144 2029 341 2112 gredientes
365 2028 485 2112 procul
509 2023 637 2093 dubiok
658 2029 841 2093 videbitis’.
882 2027 1154 2111 (duodenique,
1179 2029 1262 2093 oiim

144 2116 228 2181 licet
265 2118 385 2181 multis
426 2119 533 2200 gestis
575 2111 752 2202 insigniisl
797 2117 910 2182 clarus
953 2118 1150 2193 haberetur,
1193 2118 1262 2181 iam

101 2209 261 2270 atamen
280 2226 424 2288 magnus
448 2227 488 2270 ac
507 2207 652 2271 celebris
667 2206 795 2289 ubique
812 2206 1064 2290 predicabatur,
1090 2211 1155 2270 eom
1171 2207 1263 2288 quod

145 2295 306 2359 ticlavosn
354 2295 415 2377 qui
463 2295 628 2359 dicuntur
673 2295 801 2358 Uchri⁰
852 2317 931 2359 cum
980 2316 1107 2378 magna
1152 2294 1264 2378 gloria

144 2383 292 2466 cepisset
301 2383 323 2442 ³.
362 2382 452 2448 Gero
476 2403 631 2448 reversus
654 2383 691 2446 in
716 2387 829 2448 castra
851 2383 974 2448 retulit
989 2404 1076 2466 quae
1093 2383 1261 2447 audierat.

144 2472 338 2556 Imperator
367 2492 447 2537 vero
483 2473 525 2536 de
555 2476 657 2536 nocte
688 2492 897 2555 consurgens
926 2471 1025 2535 iubet
1055 2471 1192 2554 sagittis
1227 2475 1262 2536 et
1271 2495 1377 2545 (aare).

144 2560 243 2624 aliisi
281 2561 450 2624 machinis
488 2562 533 2625 ad
571 2582 723 2645 pugnam
762 2565 982 2644 provocaret,
1022 2563 1058 2624 et
1096 2560 1194 2642 quasi
1227 2561 1262 2623 vi

98 2671 125 2710 as
144 2649 274 2714 flumen
296 2650 526 2733 paludemque
555 2649 799 2713 transcendere
828 2648 927 2714 velle.
982 2647 1117 2712 Sclauir
1144 2651 1261 2712 autem

144 2739 306 2804 hesterna
329 2738 596 2802 comminatione
619 2737 727 2802 nichil
752 2737 848 2801 aliud
872 2737 1032 2800 arbitrati
1048 2737 1093 2800 ad
1108 2755 1260 2818 pugnam

145 2828 274 2911 pariter
298 2827 544 2910 conspiravere,
572 2827 640 2890 iter
662 2827 747 2889 totis
769 2825 900 2889 viribus
929 2824 1166 2889 defendentes.
1212 2824 1261 2887 At

144 2915 235 2981 Gero
259 2937 337 2980 cum
361 2916 479 2980 amicis
494 2913 681 2979 ananie-4
703 2914 852 2977 miliario
875 2914 985 2977 ferme
1008 2933 1077 2976 uno
1102 2913 1260 2976 acastris

145 3000 373 3069 descendenst
403 3006 525 3068 hosteu
551 3005 733 3086 ignorante
762 3005 833 3066 tres
856 3004 979 3084 pontes
1003 3001 1161 3065 celeriter
1185 3021 1260 3064 con·

96 3093 270 3157 restruxit
305 3095 341 3156 et
375 3093 478 3156 misso
511 3092 636 3155 nuntio
666 3091 710 3155 ad
743 3091 988 3174 imperatorem
1021 3092 1136 3153 totum
1170 3109 1260 3154 exer

144 3182 252 3246 citum
279 3179 463 3246 'revocavit
473 3180 495 3243 ⁵.
557 3179 632 3258 Quo
666 3181 740 3244 viso
774 3179 914 3244 barbari
948 3183 984 3243 et
1017 3178 1084 3262 ipsi
1121 3178 1260 3242 obviare

142 3270 337 3353 legionibus
367 3270 592 3334 contendunt.
650 3269 789 3334 Pedites
820 3267 1043 3332 barbarorum
1073 3267 1156 3329 dum
1190 3265 1261 3330 lon·

143 3359 273 3443 giorem
299 3359 392 3424 viam
420 3361 564 3422 currunt
594 3360 630 3421 et
660 3361 835 3421 certamen
864 3356 998 3433 ineunt,
1027 3355 1257 3439 fatigationev

142 3569 166 3614 a)
179 3567 315 3606 strennuitas
329 3566 356 3608 A.
371 3567 437 3607 Sane.
491 3565 515 3611 b)
528 3564 674 3604 barbarorum
688 3565 735 3606 B1.
791 3562 812 3613 e)
826 3564 901 3603 clauus
915 3564 938 3605 0.
952 3564 1020 3606 Sanc.
1073 3560 1097 3613 d)
1111 3559 1261 3611 respondebat

94 3622 124 3661 35
142 3620 163 3659 Β
175 3622 193 3662 l.
256 3618 277 3670 e)
296 3618 372 3669 Sino)
390 3619 410 3657 Β
422 3619 442 3660 1.
503 3617 522 3668 i)
539 3619 594 3657 assit
610 3619 638 3660 Δ.
656 3618 676 3655 Β
686 3618 709 3658 2.
769 3619 792 3665 g)
809 3614 892 3656 fiducia
909 3617 978 3656 snae.
1040 3616 1065 3664 ir)
1083 3616 1159 3655 multis
1178 3625 1219 3656 orn.
1237 3614 1261 3655 0.

142 3674 160 3722 i)
172 3674 204 3712 ne
217 3673 264 3713 ΒΒ.
280 3672 303 3714 Ο,
317 3673 391 3719 &0205
405 3671 469 3711 fortis
482 3671 510 3714 A.
522 3671 570 3713 Β1.
623 3671 647 3718 k)
661 3667 808 3719 proculdubio
821 3681 867 3708 una
881 3680 930 3711 rore
943 3670 969 3712 A.
982 3669 1029 3710 ΒΒ.
1043 3669 1066 3711 0.
1120 3669 1137 3716 l)
1149 3668 1181 3705 eie
1194 3667 1221 3707 A.
1230 3666 1260 3712 0,-

142 3727 265 3775 iusignibue
279 3727 299 3764 Β
307 3726 325 3768 1.
339 3726 362 3774 ις
378 3724 471 3773 {numnis
485 3728 508 3763 et
522 3725 596 3763 clarus
610 3725 678 3766 Sane.
732 3722 763 3772 m)
777 3733 804 3762 eo
815 3744 842 3752 -
854 3721 959 3762 dicuntur
973 3733 1015 3764 om.
1028 3722 1056 3760 Α.
1110 3724 1134 3770 ιι)
1149 3721 1222 3759 slauoe
1237 3720 1260 3760 G.

142 3781 210 3821 Saxo.
277 3781 300 3826 o)
317 3779 348 3816 eie
361 3779 384 3820 Ιι.
397 3779 412 3820 l.
426 3777 491 3816 etiam
505 3776 537 3825 15
555 3777 620 3816 uehri
638 3777 705 3820 Sanc.
736 3777 768 3824 Of.
782 3787 852 3824 cupra
866 3776 951 3824 210⁴,
971 3787 992 3816 n.
1005 3786 1027 3823 p.
1094 3775 1117 3822 p)
1135 3773 1190 3812 alios
1208 3772 1228 3809 Β
1240 3774 1259 3813 1.

142 3831 166 3883 q)
185 3833 270 3871 hostem
285 3833 336 3873 add.
349 3831 396 3870 aa.
465 3829 485 3880 r)
503 3828 566 3869 Slaui
585 3830 608 3872 c.
625 3830 692 3868 Saxo.
762 3832 782 3877 ι)
800 3830 831 3867 etc
844 3829 877 3875 A,·
892 3827 967 3867 ruanis
983 3825 1260 3876 c;ruranis131.saeo,·

92 3887 124 3926 40
141 3886 219 3925 amicis
233 3887 279 3925 suis
294 3885 341 3928 Bi.
395 3886 412 3931 t)
427 3880 543 3922 discedens
556 3883 602 3925 Bt.
657 3886 679 3933 u)
693 3883 813 3932 ignorante
827 3882 890 3921 hoste
903 3881 948 3923 Bl.
1002 3879 1213 3928 aragonensem.

141 4025 171 4094 1)
188 4027 261 4077 Idem
278 4040 365 4092 nepra
378 4042 409 4092 p.
422 4025 466 4090 61,
483 4025 500 4077 l.
515 4025 556 4082 14.
575 4024 606 4076 de
623 4023 784 4075 Eberhardo
800 4023 972 4074 Francorum
989 4020 1062 4085 duee,
1081 4037 1109 4086 p.
1121 4021 1165 4085 81,
1183 4019 1201 4074 l.
1216 4021 1258 4074 14.

140 4099 173 4149 de
187 4097 278 4150 Ostorio
288 4113 356 4162 repe.
429 4096 458 4162 2)
476 4095 585 4148 Souna.
600 4094 656 4148 Cat.
668 4110 690 4148 e.
704 4097 733 4149 5:
747 4093 853 4145 animus
865 4133 872 4146 .
886 4134 892 4146 .
906 4091 1003 4144 ardens
1014 4091 1043 4142 in
1056 4089 1259 4158 cupiditatibus.

140 4168 168 4238 3)
198 4168 241 4232 Cf.
267 4167 349 4218 tuine
377 4167 444 4218 libri
467 4182 488 4219 e.
506 4169 550 4220 42.
657 4167 686 4232 4)
714 4165 816 4228 Rarior,
841 4164 961 4228 Rnanos,
986 4163 1127 4228 anianoe
1151 4163 1260 4213 υαιιαια
1299 4193 1321 4251 ,3

139 4244 246 4291 turnum
268 4239 488 4306 pronuntiatione
506 4237 604 4290 comem
621 4251 675 4287 rese
694 4235 895 4310 icmfflom,
909 4251 941 4302 p.
957 4236 992 4289 73
1010 4236 1089 4299 (699)
1112 4233 1259 4291 annotarit.
1324 4285 1327 4292 ,

92 4321 121 4360 ιι
139 4313 168 4378 5)
191 4310 234 4374 Of.
253 4324 340 4376 supra
358 4325 387 4374 p.
405 4311 432 4375 8,
455 4309 472 4362 l.
492 4310 542 4362 29:
566 4305 601 4359 ad
618 4303 803 4359 revocandum
821 4304 953 4359 maiorem
972 4303 1130 4359 exercitum.

194 4412 327 4457 widukind.
1028 4414 1046 4466 8
