3196 4880
332 276 368 330 50
781 264 1002 328 WIDUKINDI

260 468 322 522 933.
333 455 444 520 cultui
467 454 700 538 mancipavit²
723 458 760 520 et
786 455 1029 539 largitionibus
1059 475 1250 539 pauperum
1281 455 1449 520 deservire

333 543 526 610 constituit.
581 543 716 609 Deinde
751 547 850 628 pater
884 545 1025 628 patriae,
1057 565 1173 608 rerum
1203 544 1362 608 dominus
1392 545 1450 608 im·

332 636 537 716 peratorque
561 633 604 696 ab
629 633 782 697 exercitu
804 633 1022 717 appellatus²
1041 631 1171 697 famam
1191 633 1368 717 potentiae
1388 633 1450 696 vir·

330 721 486 804 tutisque
526 722 659 786 cunctis
697 722 861 805 gentibus
899 725 955 786 et⁸
993 721 1132 805 regibus
1170 721 1273 806 longe
1311 721 1449 804 lateque

333 809 485 874 diffudit.
524 809 625 874 Unde
650 814 685 874 et
708 809 855 874 aliorum
879 831 1064 894 regnorum
1086 831 1243 895 proceres
1267 831 1346 875 eum
1362 811 1477 874 adio-s

332 903 424 976 runt,
448 899 664 982 gratiamque
686 899 724 961 in
748 903 935 983 conspectu
958 900 1031 964 eius
1055 900 1208 964 invenire
1235 903 1448 982 quaerentes,

333 987 435 1052 fidem
458 987 539 1051 talis
563 1009 603 1052 ac
626 987 719 1050 tanti
742 988 806 1052 viri
834 989 1015 1072 probatam
1046 988 1214 1054 habentes
1244 988 1449 1054 dilexerunt.

333 1076 432 1140 Inter
461 1097 546 1159 quos
569 1070 844 1140 Hiriberhtusb·³
880 1097 986 1160 gener
1008 1077 1199 1160 Hugonis4,
1224 1097 1300 1141 oum
1334 1077 1367 1142 ei
1396 1078 1450 1142 ad-

331 1169 526 1230 versaretur
559 1164 785 1244 Rothultusss,
825 1169 946 1231 contra
982 1166 1035 1230 ius
1073 1164 1217 1249 fasque⁵
1253 1185 1355 1232 omne
1392 1187 1450 1230 rex
1564 1237 1565 1240 Ἴ

334 1254 554 1331 constitutus,
586 1258 626 1317 ut
653 1249 706 1318 eicl
734 1255 827 1338 apud
857 1255 1034 1319 dominum
1063 1275 1163 1318 suum
1193 1259 1274 1338 proe
1303 1255 1450 1338 presidio
1467 1279 1489 1316 ro

333 1345 432 1418 esset,
457 1343 676 1426 supplicavit.
723 1343 802 1427 Ipse
827 1344 918 1407 enim
942 1364 1000 1408 rex
1026 1343 1108 1408 talis
1138 1348 1222 1422 erat,
1253 1345 1313 1427 qui
1343 1343 1450 1408 nichil

261 1441 322 1496 935.
332 1434 475 1514 negaret
499 1431 627 1496 amicis.
674 1432 830 1496 Perrexit
852 1426 981 1516 igiturf
1009 1431 1169 1510 Galliam,
1197 1432 1313 1496 rexss·6
1336 1453 1450 1516 regem

333 1519 531 1604 alloquitur,
557 1524 592 1586 et
615 1521 770 1605 perfecto
786 1522 927 1604 negotio
941 1541 1097 1586 reversus
1114 1521 1219 1586 estin
1235 1521 1418 1586 Saxoniam
1430 1521 1449 1582 ⁷.

333 1608 488 1693 Cumque
512 1613 602 1675 esset
624 1611 658 1673 in
685 1609 869 1674 exaltando
894 1613 1032 1694 gentem
1057 1630 1164 1686 suam,
1188 1630 1286 1674 rarus
1304 1611 1375 1674 fuit
1391 1613 1450 1674 aut

332 1698 449 1762 nullus
478 1699 735 1763 nominatorum
765 1699 916 1763 virorum
946 1699 984 1762 in
1014 1692 1129 1763 omnih
1160 1699 1318 1778 Saxonia,
1350 1720 1450 1782 quem
1466 1719 1488 1759 15

333 1787 487 1868 preclaro
523 1807 663 1852 munere
693 1791 755 1852 aut
785 1788 902 1853 officio
930 1788 986 1852 vel
1018 1789 1134 1871 aliqua
1164 1791 1350 1871 quaestura
1382 1809 1451 1852 non

332 1879 558 1958 promoveret.
605 1876 650 1939 nt
674 1897 752 1940 cum
775 1877 910 1958 ingenti
939 1877 1086 1961 polleret
1114 1877 1299 1960 prudentia
1321 1877 1450 1961 sapien-

332 1963 460 2046 tiaque,
507 1965 651 2029 accessit
689 1968 725 2030 ot
763 1965 870 2030 moles
909 1967 1069 2050 corporis,
1108 1966 1223 2048 regiae
1261 1959 1442 2050 dignitatii

332 2072 468 2116 omnem
503 2052 632 2118 addens
668 2054 835 2118 decorem.
889 2055 932 2118 In
967 2049 1161 2120 exercitiisk
1187 2075 1321 2138 quoque
1352 2047 1442 2119 ludil
1564 2099 1565 2124 ι

332 2144 432 2204 tanta
462 2142 650 2206 eminentia
673 2142 859 2226 superabat
882 2163 1009 2221 omnes,
1040 2146 1081 2206 ut
1109 2146 1276 2208 terrorem
1307 2143 1448 2208 caeteris
1465 2163 1488 2202 a
1563 2191 1565 2232 ,

333 2232 534 2294 ostentaret.
581 2231 624 2294 In
647 2231 856 2296 venationem
878 2234 952 2296 tam
975 2233 1182 2296 acerrimusn
1210 2235 1293 2310 erat,
1317 2236 1359 2295 ut
1382 2253 1449 2295 una
1564 2243 1565 2256 *

332 2317 426 2382 vice⁰
455 2319 704 2403 quadraginta)
733 2324 794 2383 aut
826 2341 866 2384 eo
898 2321 1046 2404 amplius
1076 2322 1167 2386 feras
1198 2325 1347 2404 caperet.
1406 2321 1448 2383 nt

332 2406 416 2471 licet
438 2407 476 2470 in
499 2409 664 2472 conviviis
687 2409 770 2472 satis
794 2409 961 2473 iocundus
992 2413 1091 2485 esset,
1121 2413 1241 2476 tamen
1270 2408 1380 2474 nichil
1403 2431 1448 2473 re·

332 2495 420 2578 galis
455 2497 658 2581 disciplinae
693 2498 881 2562 minuebat.
939 2498 1110 2562 Tantumll
1146 2499 1238 2563 enim
1272 2499 1444 2563 favoremr

332 2585 462 2667 pariter
500 2589 535 2650 et
573 2586 732 2651 timorem
771 2586 940 2651 militibus
978 2587 1220 2664 infundebat),
1260 2591 1300 2650 ut
1346 2587 1446 2652 etiam
1464 2606 1486 2645 a

333 2673 487 2739 ludenti⁸
516 2696 587 2740 non
610 2677 790 2740 crederent
814 2676 858 2740 ad
882 2676 1033 2759 aliquam
1061 2676 1238 2740 lasciviam
1268 2696 1303 2740 se
1335 2675 1448 2740 dissol-

331 2759 548 2828 vendunt-⁸.

439 2853 512 2916 XL.
574 2852 661 2916 Oum
701 2856 817 2917 autem
857 2873 974 2918 omnes
1016 2853 1053 2915 in
1099 2854 1247 2917 circuitu
1292 2854 1448 2919 nationes

333 2942 544 3019 subiecisset,
581 2941 708 3019 Danos,
744 2943 804 3025 qui
838 2941 954 3005 navali
988 2941 1172 3006 latrocinio
1203 2943 1369 3007 Fresones
1403 2943 1448 3006 in·

331 3117 353 3162 a)
368 3119 391 3154 et
405 3115 494 3164 regibus
509 3125 550 3156 om.
561 3114 584 3156 0.
637 3112 661 3164 b)
674 3115 705 3152 stc
719 3113 748 3162 0,·
762 3113 889 3154 haribertus
901 3113 927 3156 A.
940 3115 1004 3156 cht.
1018 3115 1092 3162 Saum
1106 3113 1227 3154 hiribertus
1241 3114 1291 3165 1313
1307 3113 1447 3154 Hirlbcrthns
1464 3111 1486 3150 30

331 3169 351 3206 Β
365 3168 384 3210 2.
452 3166 472 3216 c)
493 3165 602 3207 aduersos·
620 3167 731 3207 rothulfus
750 3169 780 3215 0,·
800 3166 902 3208 rudolfus
919 3168 953 3216 A;
971 3165 1072 3207 rodullus
1091 3167 1144 3217 1³13
1166 3165 1290 3207 Ruodolfus
1309 3167 1358 3210 ΒΞ.
1376 3169 1448 3213 Fmt.;

331 3219 430 3260 rodolfus
454 3222 522 3263 Saxo.
610 3218 634 3268 d)
657 3221 678 3260 el
701 3232 742 3262 om.
764 3221 823 3271 313
843 3222 890 3268 ,sibl
911 3222 973 3263 Frut.
1063 3225 1084 3268 e)
1105 3232 1145 3270 pro
1168 3231 1209 3263 om.
1228 3220 1279 3262 Ba
1300 3221 1363 3264 nrut.
1384 3222 1447 3262 Saxo.

331 3274 386 3322 f)in
401 3275 452 3314 add.
468 3274 515 3315 132.
529 3274 597 3316 Saxo.
650 3276 674 3324 g)
689 3273 988 3324 Galliamrax,regcmlt2.
1042 3272 1065 3324 h)
1080 3275 1138 3313 omni
1153 3285 1194 3316 om.
1208 3275 1255 3314 Bl.
1271 3275 1338 3316 Saxo.
1391 3273 1448 3325 θεῖε

332 3331 351 3365 ct
364 3327 427 3368 Frut.
440 3327 514 3374 Suam
532 3324 648 3375 dignitatis
666 3327 716 3366 Bl.
744 3327 777 3374 Of.
793 3328 856 3375 Intra
870 3328 905 3376 II,
919 3328 957 3367 36:
976 3326 1078 3366 Accessit
1094 3327 1123 3366 ad
1142 3327 1197 3366 haec
1215 3331 1239 3367 et
1257 3327 1326 3366 moles
1344 3328 1446 3376 corporis,

331 3391 419 3420 omnem
429 3380 512 3428 regiam
526 3379 645 3419 ostendens
655 3378 793 3428 dignitatem.
834 3381 858 3428 k)
872 3381 984 3420 exercitus
999 3381 1096 3418 rodendo
1109 3391 1168 3422 corr.
1182 3381 1295 3420 exercitiis
1309 3380 1333 3424 0.
1374 3380 1390 3431 1)
1402 3378 1446 3419 ludi
1464 3376 1485 3417 ⁵5

330 3445 374 3473 om.
390 3434 413 3476 G.
468 3433 694 3481 murmurationem
747 3433 897 3483 n)acerB1.
912 3435 975 3474 Frut.
1035 3431 1057 3484 ο)
1072 3434 1121 3472 vles
1134 3445 1176 3474 om.
1192 3434 1236 3477 131.
1295 3436 1320 3482 p)
1334 3433 1373 3472 XL
1386 3435 1413 3474 A.
1427 3435 1447 3474 0.

330 3488 395 3526 mea
410 3488 477 3529 Samo.
532 3488 555 3534 q)
569 3485 844 3526 'rentum-infundebat
858 3499 899 3529 om.
912 3488 959 3531 Bl.
1014 3485 1033 3536 r)
1045 3487 1158 3526 feruorem
1168 3487 1215 3530 Ba.
1266 3485 1287 3538 s)
1298 3484 1392 3527 ludendi
1403 3487 1448 3529 Bl.

332 3544 349 3590 t)
362 3542 392 3580 sto
406 3541 487 3580 cocus
501 3543 520 3578 ct
534 3540 607 3588 Saxa·
621 3537 776 3580 dissolucndos
790 3551 801 3580 c
814 3541 936 3580 contectura
948 3541 994 3580 sino
1007 3541 1072 3579 dublo
1085 3540 1131 3583 Ba.
1145 3541 1208 3584 Ihm.

333 3686 359 3750 1)
388 3683 430 3748 Cf.
455 3698 543 3749 supra
563 3698 593 3748 p.
612 3684 656 3747 47,
677 3683 695 3736 l.
715 3684 816 3748 22sqq.
898 3683 926 3748 2)
955 3682 1029 3733 Idem
1054 3683 1133 3746 Infra
1157 3683 1215 3748 III,
1234 3683 1279 3736 49.
1304 3683 1336 3733 de
1362 3683 1448 3736 ottone

330 3756 446 3815 (licitum
465 3770 517 3820 quo
534 3769 578 3804 res
596 3753 646 3818 fido
664 3768 718 3805 non
736 3753 844 3818 diynior
862 3753 900 3817 fit.
982 3752 1010 3821 3)
1034 3753 1122 3806 Comes
1140 3753 1369 3812 Vtromaadasis,
1409 3753 1447 3816 Os.
1462 3757 1484 3796 4⁰

331 3841 420 3891 supra
434 3843 463 3892 p.
477 3827 520 3889 36,
538 3841 565 3878 a.
580 3827 622 3879 11.
693 3823 722 3892 4)
741 3825 825 3876 Ducis
842 3824 985 3877 Frontino.
1020 3824 1179 3876 Hortamur
1196 3839 1314 3876 sororem
1326 3824 1448 3890 Hoqona

331 3895 543 3946 HIldebrantam
561 3895 733 3947 matra'monio
750 3895 801 3946 aba·
818 3898 929 3958 tunam
951 3896 1008 3946 vide
1028 3896 1176 3948 (luidonem
1197 3897 1228 3947 de
1245 3895 1389 3947 Bozochiis
1406 3911 1447 3961 cp.

332 3966 486 4030 Albrioum,
514 3966 562 4019 SS.
589 3965 708 4029 XXIII,
732 3982 762 4031 p.
783 3968 842 4020 757.
887 3965 977 4018 Folius
1004 3969 1060 4017 cius
1082 3971 1176 4032 postea
1203 3966 1282 4032 (III,
1307 3969 1340 4032 3)
1367 3979 1448 4033 nepos

331 4035 459 4104 Hugonis
484 4042 601 4090 occatur.
693 4037 721 4103 5)
748 4037 859 4090 Sallust.
879 4037 936 4090 Cot.
956 4051 976 4091 o.
997 4038 1045 4091 15:
1065 4035 1219 4089 contraius
1238 4035 1341 4104 fasque.
1377 4037 1447 4088 Idem

331 4110 410 4172 infra
428 4106 486 4172 III,
506 4110 531 4162 3.
618 4107 646 4173 6)
675 4107 717 4171 Cf.
737 4109 816 4172 iufra
833 4107 892 4172 III,
913 4109 960 4162 10:
985 4105 1096 4160 Interea
1114 4123 1164 4160 rex
1181 4123 1276 4176 regem
1295 4107 1446 4175 alloquitur.
1462 4109 1484 4150 4⁵

333 4177 360 4247 7)
394 4177 435 4242 Of.
465 4179 529 4244 Req.
560 4177 630 4242 Imp.
660 4177 706 4242 II,
737 4193 780 4233 ur.
808 4179 889 4238 tea·
919 4178 1044 4244 Lamum,
1075 4178 1176 4246 ‘Keissiq
1205 4178 1319 4244 Redolf'
1349 4197 1377 4246 p.
1405 4179 1445 4233 89.

331 4251 360 4316 8)
377 4248 522 4301 Stamina
541 4248 681 4314 desmaptio
699 4263 803 4300 morum
824 4249 924 4301 Orionis
941 4251 1062 4315 sequitur·
1079 4251 1159 4314 iufra
1177 4250 1219 4315 II,
1238 4252 1282 4310 36.
