3196 4880
343 371 482 426 RERUM
501 372 716 429 GESTARUM
733 372 1016 429 SAXONICARUM
1034 373 1107 430 LIB.
1127 372 1151 430 Ι.
1274 378 1310 430 27

184 558 395 622 interfectus
412 562 485 622 esta
500 558 611 622 frater
622 558 724 621 Adel-

188 647 296 724 berti;
332 651 453 731 postea
482 647 517 709 in
553 647 723 712 ultionem

187 735 308 799 fratris
336 729 558 800 cuonradusb
587 756 722 818 quoque

188 825 322 888 occisus
350 827 403 888 est
433 825 475 888 nb
499 824 722 901 Adelbert01‚
1330 805 1449 924 ἓὲσξνῃ)

155 917 272 978 snee⁰
301 912 394 976 ullus
423 934 544 996 regum
574 917 646 976 tarn
676 914 724 976 in·
1398 905 1404 918 '
1448 903 1455 915 ’

188 1001 429 1086 gens-bellum
455 1003 546 1066 inter
576 1002 724 1067 eminen-

188 1095 242 1155 tes
280 1091 371 1154 viros
415 1085 552 1174 potuitd
594 1091 723 1155 sedere.

189 1179 350 1243 Summus
362 1183 535 1263 postremo
546 1179 703 1262 pontifex
713 1180 724 1218 ²

188 1269 343 1332 mittitur
366 1269 409 1332 ad
433 1268 620 1332 sedandam
650 1271 723 1331 tam

142 1380 171 1418 ιο
188 1358 363 1440 ingentem
411 1356 633 1434 discordiam
688 1359 724 1420 et

187 1447 362 1529 ingressus
407 1446 584 1510 civitatem
623 1443 724 1510 Adel-

188 1535 280 1600 berti
303 1535 366 1598 sub
397 1535 620 1598 iureiurando
650 1555 724 1618 spo-

188 1624 332 1708 pondit⁶
361 1627 422 1687 aut
446 1624 479 1688 ei
500 1644 621 1707 paoem
645 1643 723 1686 eum

187 1731 270 1796 rege
298 1713 473 1776 facturum
504 1715 566 1776 aut
595 1712 724 1776 incolu-

143 1823 171 1863 1s
189 1822 281 1866 mem
325 1801 401 1866 loco
440 1822 502 1866 suo
545 1800 723 1866 restitutu-

188 1883 303 1953 rumf.
356 1890 422 1954 His
446 1891 557 1975 pectis
585 1910 723 1954 eonsen-

190 1980 281 2044 tiens
301 1979 521 2057 Adelbertus
546 1979 627 2043 fidei
651 1999 723 2061 gra·

189 2068 242 2133 tia
265 2072 301 2133 et
328 2069 500 2133 amicitiae
531 2069 622 2150 quod
653 2068 723 2151 dig-

190 2161 334 2222 naretur
349 2157 480 2240 aliquid
503 2160 653 2240 gustare,
673 2177 723 2220 ro·
827 2154 830 2161 ’

144 2270 173 2308 20
191 2247 297 2330 gavit.
351 2245 426 2325 Quo
460 2248 611 2328 negante
641 2245 723 2309 ilico

191 2355 347 2418 egressus
371 2338 423 2398 est
446 2335 577 2398 urbem.
626 2333 724 2398 Oum-

191 2445 258 2506 que
275 2423 517 2507 pertransisset
535 2423 724 2506 oppidum3

191 2533 270 2576 eum
294 2512 388 2576 omni
410 2513 588 2586 comitatu,
612 2513 724 2576 fertur

192 2601 395 2665 clamassess:
426 2600 549 2679 ‘Proh’,
574 2593 722 2684 inquith,

145 2712 173 2752 25
193 2689 339 2773 ‘saepius
372 2691 477 2774 petit,
513 2690 572 2773 qui
606 2689 724 2753 oblate

191 2779 339 2863 spernit;
369 2780 488 2844 taedet
511 2800 566 2842 me
596 2779 724 2861 longio-

191 2868 239 2932 ris
258 2868 332 2932 viae
356 2869 584 2950 tardiorisque
608 2868 722 2930 horae.

192 2956 282 3020 Nam
316 2957 425 3021 ieiuni
452 2960 529 3020 tota
564 2957 619 3020 die
653 2976 724 3019 non

192 3065 372 3130 possumus
397 3044 596 3110 ambulare’.
643 3045 724 3110 Lae·

147 3139 250 3198 sotus
272 3135 481 3200 Adelbertus
511 3127 717 3198 inclinaturi

193 3225 239 3288 ad
261 3243 375 3306 genus
404 3223 577 3307 pontificis
608 3226 653 3297 et,
684 3226 724 3286 ut

193 3313 358 3396 gustandi
387 3314 500 3395 gratia
533 3312 570 3374 in
603 3312 724 3376 urbem

193 3404 432 3478 reverteretur,
446 3401 611 3484 deposcit.
639 3400 725 3463 Pon·

194 3489 281 3554 tifex
325 3490 363 3552 in
403 3489 524 3554 urbem
569 3509 725 3553 reversus

147 3600 175 3640 rs
194 3598 271 3642 eum
294 3578 485 3643 Adelberto
508 3577 677 3642 liberatur
705 3598 725 3640 a

193 3666 270 3751 lege
315 3667 517 3744 iuramenti,
569 3669 610 3730 ut
660 3665 725 3730 sibi

192 3878 215 3924 a)
233 3880 275 3927 est,
296 3877 311 3916 r.
330 3875 448 3916 Adalberti
466 3886 489 3924 p.
505 3875 582 3918 Falto.
663 3875 686 3923 b)
707 3876 737 3913 sie
755 3875 809 3926 1313
828 3873 927 3917 cunrad.
943 3875 997 3924 1323
1017 3871 1140 3916 chuonrad.
1158 3874 1221 3916 Frui.
1238 3873 1313 3918 Falke.

193 3928 215 3979 e)
228 3940 257 3968 ne
270 3931 316 3971 131.
371 3927 394 3978 d)
403 3927 483 3968 sedare
493 3929 566 3978 potuit
575 3929 650 3970 Falto.
704 3931 726 3975 e)
739 3929 770 3966 εἰσ
783 3929 829 3972 Bl.
844 3929 864 3967 2.
917 3926 1127 3976 osIoB1.Frut.;
1141 3927 1313 3967 constituturum

194 3983 241 4025 ΒΞ.
294 3983 361 4033 meio
374 3983 423 4024 Bl.
436 3983 513 4027 Prae:
526 3983 675 4032 proclamasse
688 3982 735 4023 132.
790 3982 814 4030 h)
830 3982 931 4030 inquiens
945 3982 1008 4022 Frui.
1062 3980 1079 4030 i)
1093 3980 1210 4020 ineIInauit
1224 3992 1248 4020 se
1261 3981 1311 4032 Βῆ

144 4040 173 4079 40
191 4034 222 4076 ad
236 4047 310 4086 genua
323 4041 385 4086 pont.
399 4036 496 4076 teletus
510 4035 627 4075 inclinauit
640 4036 703 4077 Frut.

192 4214 219 4280 1)
243 4213 285 4278 Cf.
303 4213 488 4280 Methlbachm
506 4213 571 4280 Rey.
590 4214 660 4280 Imp.
679 4213 702 4277 I,
721 4228 765 4266 nr.
786 4212 887 4266 197611.
966 4213 994 4277 2)
1016 4212 1039 4266 I.
1058 4227 1079 4266 e.
1099 4211 1314 4279 archiepiscopus

190 4285 378 4352 raynerum.
421 4285 518 4352 Kepha
538 4301 568 4350 p.
588 4286 649 4340 169.
757 4283 784 4352 3)
813 4282 855 4347 Cf.
880 4297 968 4349 supra
988 4284 1081 4350 p.14‚
1108 4299 1135 4337 n.
1155 4284 1192 4344 1,-
1219 4282 1311 4348 Heqez,

191 4355 235 4413 (Ν.
254 4355 367 4408 ΑνοΙιίυ’
386 4355 500 4421 XVIII,
522 4374 551 4424 p.
571 4357 631 4411 216.
