3174 4888
299 352 335 406 28
749 348 970 404 meKINDI

230 545 290 598 906.
301 532 493 608 videbatur,
525 553 565 596 eo
589 533 681 616 quod
705 533 834 597 incolu-

301 641 390 685 mem
430 641 509 684 eum
543 621 619 686 loco
658 643 720 686 suo
759 643 834 686 eon-

302 709 508 773 stituisset⁸.
547 710 630 774 Post
654 713 739 776 haec
760 713 834 793 regi

301 820 322 861 a
345 799 508 883 pontifice
532 803 750 883 presentatus
769 799 834 862 Lu·
1123 796 1171 850 Ὀ·

300 881 514 952 showioobet
527 889 734 971 dampnatus
747 890 834 973 capi·
944 889 1081 953 *XXIL
1117 884 1222 952 Erat*
1242 891 1361 951 autem
1382 907 1426 951 ea
1444 907 1459 946 s

300 977 407 1041 talem
431 977 565 1060 accepit
594 978 801 1041 sententiam
812 976 832 1040 1.
887 981 1095 1062 tempestate
1111 978 1353 1060 Magontiacae
1376 996 1426 1041 se·

230 955 289 1008 906.

183 1025 291 1074 (sapae).

1446 962 1482 1011 ⁸1¹·
1489 962 1533 1004 421.

417 1166 443 1233 *)
464 1167 583 1219 Tertiam
595 1170 777 1232 recessiorem,
790 1171 906 1221 maatme
914 1174 1096 1234 retractatam,
1105 1169 1261 1233 breviatam,
1270 1169 1426 1233 mitigatam

462 1288 496 1295 —
513 1258 547 1322 cf.
561 1257 682 1324 praefat.
700 1285 743 1321 -·,
756 1258 866 1324 praebet
882 1259 926 1309 A:
943 1244 1116 1326 *Denique
1129 1244 1172 1307 ab
1185 1244 1304 1307 amicis
1318 1243 1425 1326 regiis
1444 1259 1534 1310 ‘atta

463 1332 496 1396 ei
516 1332 660 1396 insidie⁰
681 1333 935 1396 machinantur.
976 1332 1050 1411 Que
1073 1337 1190 1396 tamen
1214 1333 1258 1396 ab
1281 1332 1425 1396 aurifice

436 1470 438 1481 ,
461 1426 620 1504 torquem
644 1441 782 1485 auream
799 1423 842 1486 ad
859 1443 941 1486 usus
958 1423 1029 1486 doli
1047 1421 1242 1486 fabricante
1259 1422 1425 1504 detegun·
1446 1443 1475 1481 ιο

462 1518 530 1574 tur.
571 1508 720 1588 Quidam
744 1511 835 1574 enim
852 1511 994 1576 insidias
1010 1511 1228 1576 tendentium
1248 1511 1425 1594 ingressus

463 1601 507 1664 ad
531 1598 705 1662 aurificem
729 1619 814 1682 opus
839 1600 1078 1664 considerandi
1101 1600 1214 1683 gratia
1238 1619 1344 1681 eoque
1375 1599 1426 1660 in·

463 1691 580 1774 specto
605 1687 710 1751 altius
733 1688 941 1771 ingemuisse
964 1689 1086 1752 fertur.
1140 1688 1243 1751 Tanti
1273 1687 1425 1772 gemitus

463 1798 601 1843 causam
626 1777 708 1839 dum
732 1777 832 1841 faber
857 1778 1059 1860 interrogat,
1091 1778 1157 1841 hoc
1186 1776 1341 1860 responsi
1372 1795 1425 1839 ac·

464 1866 566 1949 cepit,
598 1865 678 1947 quia
709 1866 832 1949 optimi
862 1866 927 1929 viri
950 1866 1109 1930 Heinrici
1138 1868 1217 1950 post
1247 1865 1425 1928 modicum
1446 1887 1475 1926 15

464 1955 606 2019 deberet
632 1952 695 2016 illa
725 1957 864 2037 torques
895 1955 1062 2036 sanguine
1092 1955 1242 2019 infundi.
1290 1953 1426 2017 Audita

461 2045 561 2108 faber
576 2045 742 2124 tanquam
758 2044 1009 2128 parvipendens
1025 2044 1163 2108 silentio
1180 2043 1277 2107 texit.
1311 2041 1425 2126 Opere

463 2133 619 2218 perfeeto
642 2133 840 2215 traditoque
865 2133 1061 2197 missionem
1092 2133 1181 2216 petit
1211 2135 1248 2195 et
1277 2131 1424 2215 accepit,

463 2237 712 2301 occurrensque
736 2222 817 2286 duci
839 2222 937 2285 iuxta
959 2221 1074 2284 locum
1104 2221 1163 2303 qui
1194 2221 1322 2284 dieitur
1345 2219 1426 2283 Oas-

464 2310 558 2376 sala²
581 2314 714 2373 secreto
737 2310 938 2394 interrogat,
967 2331 1034 2392 quo
1064 2311 1177 2373 iturus
1208 2311 1308 2374 esset.
1356 2307 1426 2372 Ille
1446 2332 1477 2370 so

464 2421 499 2466 se
515 2399 558 2463 ad
576 2397 769 2462 convivium
787 2419 979 2481 munusque
992 2399 1219 2462 honorificum
1235 2398 1427 2462 invitatum

463 2494 498 2557 et
533 2487 577 2550 ad
613 2486 677 2551 hoo
711 2489 761 2552 ire
791 2488 881 2552 velle
914 2488 1103 2571 respondit.
1161 2487 1308 2552 Aurifex
1341 2487 1426 2550 ilico

463 2578 584 2645 audita
616 2577 732 2657 prodit
767 2581 802 2640 et
837 2578 959 2641 ducem
994 2577 1037 2640 ab
1072 2577 1196 2640 itinere
1231 2575 1426 2660 prohibuit.

461 2668 572 2733 Vocat
607 2669 723 2729 autem
758 2666 927 2749 legatum,
963 2665 1023 2748 qui
1057 2685 1098 2729 ea
1132 2666 1217 2728 hora
1250 2665 1428 2728 invitandi

463 2777 542 2824 eum
581 2755 694 2836 gratia
728 2749 882 2830 aderatd,
917 2754 1131 2837 imperatque
1170 2754 1240 2818 suis
1276 2753 1428 2818 dominis
1447 2777 1477 2815 aa

463 2844 593 2932 gratias
625 2863 727 2928 agere
757 2864 819 2926 pro
850 2843 945 2906 fideli
973 2843 1193 2919 invitatione,
1224 2862 1295 2905 non
1324 2862 1428 2926 posse

462 2932 603 3000 veroin
628 2932 780 3016 presenti
804 2952 861 2996 eos
884 2931 1024 2995 visitare
1055 2934 1195 3015 propter
1225 2931 1427 3015 repentinas

463 3023 689 3090 barbarorum
711 3021 941 3097 incursiones;
968 3023 1122 3084 ceterum
1146 3019 1182 3082 in
1207 3021 1261 3083 eui
1284 3019 1427 3084 servitio

462 3112 706 3178 incunctanter
728 3129 1000 3193 permansurum.
1039 3109 1095 3172 Ad
1119 3109 1287 3173 orientem
1307 3112 1428 3172 autem

462 3220 581 3266 versus
606 3219 683 3262 oum
708 3218 768 3261 suo
797 3198 965 3262 comitatu
995 3196 1142 3261 collecta
1172 3219 1278 3260 manu
1308 3198 1429 3261 omnia
1448 3220 1478 3261 so

464 3309 529 3373 que
560 3290 659 3351 erant
682 3287 864 3370 pontificis,
897 3286 955 3368 qui
986 3304 1026 3349 eo
1055 3289 1212 3369 tempore
1242 3287 1428 3368 Magantie

463 3381 610 3464 preerat,
635 3374 830 3438 Hathonise
853 3376 891 3437 in
914 3376 1008 3438 omni
1031 3374 1181 3439 Saxonis
1203 3374 1259 3439 vel
1280 3375 1428 3437 Thurin-

463 3486 585 3550 gorum
608 3468 703 3528 terra
725 3465 917 3547 occupavit.
964 3463 1202 3526 Burehardum
1229 3484 1365 3547 quoque
1390 3467 1429 3527 et

464 3555 673 3626 Bardonem,
704 3572 849 3634 quorum
880 3553 969 3616 alter
1004 3571 1109 3634 gener
1144 3552 1235 3636 regis
1267 3555 1355 3626 erat,
1388 3553 1429 3614 in

461 3647 600 3709 tantum
624 3641 750 3705 afflixit
781 3646 816 3706 et
847 3639 946 3704 bellis
976 3640 1217 3723 frequentibus
1249 3641 1427 3716 contrivit,
1449 3663 1478 3704 as

462 3737 503 3798 ut
518 3737 612 3796 terra
628 3731 800 3807 cederent,
818 3749 1004 3812 eorumque
1020 3749 1156 3794 omnem
1174 3729 1428 3813 possessionem

301 3961 324 4014 a)
337 3962 473 4002 restituisset
486 3962 549 4002 aruc.
576 3958 609 4005 Gt.
622 3968 693 4006 supra
708 3967 733 4005 p.
746 3956 780 4004 2¹1,
795 3957 810 3998 t.
825 3955 856 3997 15.
919 3955 942 4003 b)
956 3953 1076 3994 ludcuutco
1090 3955 1141 4006 3¹3
1157 3955 1281 3994 Lothcuico
1295 3955 1346 4005 1323
1363 3953 1431 3996 lude·

301 4017 357 4056 wico
371 4016 434 4058 rrae.
488 4018 508 4063 c)
522 4012 628 4052 insidiare
643 4011 670 4053 A.
724 4007 747 4060 d)
762 4007 791 4047 sd
806 4009 915 4048 cattam
929 4019 981 4046 raso
994 4009 1088 4050 dtsttnet.
1103 4010 1131 4051 Δ.
1184 4010 1205 4057 e)
1219 4009 1250 4047 sta
1264 4009 1287 4050 s.
1302 4009 1318 4053 l,
1332 4012 1359 4051 Δ,

303 4195 329 4261 1)
352 4193 394 4257 Cf.
413 4189 479 4258 Rep.
497 4192 566 4256 Imp.
586 4190 609 4254 I,
629 4205 673 4242 nr.
694 4189 796 4242 1982a.
869 4188 897 4252 2)
917 4183 1023 4240 Kassel.
1055 4186 1117 4238 Dua
1136 4187 1286 4254 diplomata
1305 4186 1432 4239 Caaradt'

300 4281 327 4319 a.
351 4266 411 4319 913.
439 4265 483 4315 dte
511 4265 552 4316 18.
581 4262 678 4311 enarrate
705 4256 853 4310 Februarii
878 4258 975 4308 ibidem
1001 4257 1067 4308 data
1096 4256 1158 4312 DD.
1187 4258 1211 4323 I,
1236 4273 1266 4324 p.
1291 4259 1334 4313 15,
1384 4257 1429 4322 Of,
1447 4272 1475 4311 to

307 4336 406 4401 Wae'tz,
426 4334 532 4388 ‘Heium
551 4332 583 4386 I!
598 4349 628 4399 p.
642 4333 686 4394 21,
706 4346 732 4383 a.
747 4331 771 4382 7.
