3178 4880
291 321 375 378 XXX
735 321 965 379 PRAEFATIO.

291 503 392 586 hindi,
417 507 455 571 de
478 506 632 572 ueteribus
655 505 845 587 ouctmihns,
873 525 950 588 quos
979 505 1033 571 itte
1062 503 1206 570 imitatus
1235 525 1300 570 esse
1330 503 1411 568 cide-

292 594 394 675 hatur,
419 595 457 660 de
479 595 555 660 tacis
580 595 732 678 Vutyotae
755 594 795 660 ah
815 616 849 659 eo
867 594 1042 676 usurpatis.
1080 593 1198 660 Libros
1212 591 1410 672 recentiores,

291 682 405 765 quihus
433 704 514 766 auae
544 683 762 750 Widuhindns
791 683 943 749 narravit
963 683 1092 749 uberius
1121 682 1285 764 fusiusque
1316 681 1410 746 disse·

292 778 417 852 rantur,
442 774 549 838 sedato
572 773 716 838 consntni
739 793 854 854 suoque
877 792 1026 854 quemque
1049 773 1114 838 hoco
1138 771 1278 836 landari.
1324 769 1410 834 Reti·

291 881 368 942 quos
390 861 493 940 fontes
515 861 668 927 historiae
691 861 780 927 itlius
803 861 950 943 temporis
973 882 1050 928 raro
1072 859 1217 942 atleyooi,
1240 861 1295 924 sed
1308 858 1441 924 satiuss

292 948 371 1013 duni
399 949 556 1016 remittere
585 951 712 1016 tectores
746 951 790 1016 ad
822 951 957 1015 mundes
975 949 1187 1016 'Waituiouos
1221 955 1250 1013 et
1279 947 1409 1013 Dimm-

291 1037 431 1103 terianos
454 1045 483 1104 et
504 1040 549 1103 ad
571 1038 707 1122 Reyesta
730 1038 866 1121 Imperii
890 1039 942 1119 ΙΙ,
967 1058 1047 1120 quae
1069 1036 1211 1102 Emitius
1241 1039 1280 1102 ab
1308 1036 1409 1102 Otten·

291 1125 360 1192 that
382 1147 502 1193 summo
524 1126 629 1193 studio
644 1149 745 1210 nuper
760 1127 903 1208 confecit.
942 1126 1059 1210 Recepi
1074 1147 1175 1210 norro
1190 1125 1410 1191 annotationes

291 1217 447 1296 quasdam
470 1238 491 1280 a
516 1216 684 1281 Withetmo
708 1217 916 1283 Wottenhoch
942 1215 1082 1282 versioni
1109 1215 1321 1281 Germanicae
1342 1213 1410 1278 iam

291 1302 393 1369 dictae
415 1304 614 1386 adscriptas·
637 1326 693 1371 nec
715 1305 785 1370 sine
807 1326 922 1388 manno
936 1306 1045 1385 fructu
1060 1311 1130 1369 erat
1143 1303 1223 1369 mihi
1238 1303 1411 1384 exemptum
1430 1327 1458 1366 xo

291 1395 460 1474 accoddam'
467 1393 592 1475 prioris
615 1393 773 1475 editionis,
792 1396 876 1476 quod
890 1395 932 1459 E.
950 1394 1118 1460 Drimmter
1141 1395 1168 1458 h.
1184 1415 1226 1457 m.
1250 1391 1410 1457 laboriosa

291 1489 473 1547 versaverat
493 1504 593 1548 manu
615 1483 781 1565 multisque
804 1483 1048 1549 correctionibus
1068 1481 1210 1564 notisque
1223 1479 1410 1562 marainati·

292 1572 348 1636 bers
371 1573 594 1638 adornaverat.

471 1755 501 1813 3.
548 1749 605 1815 De
636 1749 802 1834 aricino
829 1750 965 1833 centis
997 1751 1234 1820 Succorum.

399 1874 455 1938 Ad
476 1873 572 1938 huins
595 1873 703 1956 tihetti,
733 1895 823 1957 quem
853 1873 1046 1940 Widnhindi
1075 1874 1155 1939 tihro
1179 1871 1409 1951 subiunximus,
1431 1894 1459 1933 ιε»

292 1969 408 2027 tentum
424 1964 613 2044 parandum
635 1963 713 2028 haec
729 1968 860 2046 praesto
882 1964 972 2043 fuere
995 1961 1157 2027 subsidia:

399 2051 447 2133 A)
478 2048 582 2116 Oodeu
604 2051 831 2116 Palatinus
860 2072 910 2117 nr.
938 2057 1032 2115 1357.
1064 2051 1266 2116 bibliothecae
1297 2048 1410 2115 Vati-

292 2160 434 2219 canae,
458 2139 723 2222 membranaceus,
747 2140 1133 2220 fot.152‘—153‘,saee.
1160 2138 1271 2203 XIII.
1314 2139 1412 2220 Qrcem

292 2227 418 2308 tibrum,
443 2235 612 2309 postquam
641 2229 787 2294 Karotns
814 2229 918 2310 Perta,
949 2229 1000 2295 De
1030 2227 1269 2311 cosmocraphia
1300 2225 1412 2291 Ethici

293 2313 447 2394 (Dissert.
477 2315 622 2382 Berotin.
660 2317 762 2399 1853)
792 2340 826 2400 p.
859 2324 899 2382 37
916 2339 972 2400 sq,
1006 2317 1074 2382 eius
1103 2317 1291 2382 mentionem
1324 2314 1410 2395 fecit,
1431 2338 1461 2376 20

292 2405 332 2468 L.
347 2403 541 2485 Bethmann,
560 2404 703 2470 ‘Archia'
715 2406 804 2489 XII,
822 2429 858 2490 p.
872 2412 1057 2488 352-354,
1075 2412 1221 2473 accurate
1233 2402 1410 2486 descripsit.

292 2492 418 2558 Deinde
433 2494 474 2557 E.
492 2493 660 2560 Ditmmher
675 2496 703 2560 h.
721 2517 773 2574 m,
798 2517 866 2561 cnm
890 2502 1033 2578 speraret
1055 2517 1088 2560 se
1111 2500 1310 2576 accepturum
1333 2513 1413 2572 opus

291 2581 395 2646 adhuc
417 2582 559 2664 innatum
581 2605 679 2665 neque
703 2584 785 2668 typis
812 2605 1000 2668 expressum,
1026 2605 1087 2666 per
1115 2603 1232 2648 manus
1262 2582 1298 2646 V.
1329 2579 1413 2645 docti

292 2669 423 2735 Reimer
457 2670 555 2736 tibethi
589 2671 691 2754 indus
726 2673 886 2755 enemptar
921 2672 1158 2739 describendum
1188 2670 1319 2751 curarit,
1350 2690 1412 2750 quo
1581 2705 1582 2764 3

292 2757 383 2823 nisus
415 2760 460 2823 K.
485 2760 689 2842 Mc'c’ttenhoffi
713 2759 915 2841 ‘Zeitschrift
943 2762 1002 2841 fiir
1024 2760 1197 2826 Deutsches
1223 2757 1411 2823 Atterthum’
1432 2786 1461 2825 n
1581 2771 1582 2788 ¹

294 2846 412 2913 XVII
447 2847 581 2930 (1873),
614 2873 649 2932 p.
687 2856 840 2932 57—62,
879 2850 970 2916 ittum
1008 2849 1116 2915 edidit.
1179 2847 1271 2912 Ittud
1307 2853 1411 2912 autem

291 2939 451 3019 ecemptar
479 2937 602 3003 mendis
631 2939 761 3004 minime
791 2939 904 3020 caruit,
935 2945 977 3020 ut,
1009 2959 1080 3003 cum
1111 2938 1148 3002 V.
1182 2935 1230 3002 Oh.
1258 2934 1414 3018 Atousius

292 3025 427 3106 Schulte,
458 3033 532 3091 tune
561 3027 708 3109 temporis
737 3027 876 3092 instituti
905 3026 1049 3092 historici
1071 3024 1241 3091 Borussici
1270 3024 1307 3089 in
1335 3024 1413 3088 urbe

291 3113 396 3177 Roma
420 3135 560 3195 praeses,
592 3115 629 3181 in
652 3123 775 3181 nostros
797 3137 874 3181 usus
897 3115 1030 3181 codicem
1054 3113 1244 3179 Palatinum
1274 3111 1414 3177 beniuole

291 3201 494 3282 exscriberet,
525 3204 625 3268 matta
654 3204 885 3285 emendaverit,
913 3225 1021 3286 pauca
1051 3224 1131 3284 quae
1161 3201 1260 3266 dubia
1288 3221 1413 3289 reman-
1434 3227 1463 3269 so

290 3297 402 3354 serunt
422 3311 470 3354 me
487 3296 610 3372 petente
633 3299 745 3373 posteo
768 3293 927 3358 sotoernnt
948 3291 1092 3356 instituto
1115 3289 1261 3355 adiuncti
1284 3288 1357 3354 Viri
1381 3289 1411 3352 d.

293 3376 473 3442 Schetthass
496 3385 525 3442 et
548 3379 669 3444 Sotcer,

398 3464 445 3547 B)
487 3465 591 3530 Ooden
626 3467 856 3540 Parisinus
890 3467 960 3532 hihi.
992 3467 1139 3548 metticae
1173 3489 1224 3531 nr.
1253 3471 1340 3530 4895
1370 3466 1413 3546 A,

291 3555 549 3618 membranaceus
578 3556 622 3637 4⁰,
660 3563 722 3620 162
753 3555 913 3636 sotiorum,
946 3577 1026 3638 quae
1056 3555 1093 3619 in
1127 3555 1220 3621 trinos
1251 3556 1416 3620 columnas

292 3641 397 3707 ctirisa
420 3649 502 3722 sunt,
526 3664 607 3709 saec.
626 3644 728 3709 XIV.
776 3642 838 3724 dict
861 3644 940 3710 tiber
962 3645 1047 3709 inter
1070 3643 1138 3708 alia
1162 3643 1299 3708 continet
1327 3642 1415 3708 Goti-
1436 3670 1465 3712 ns

290 3730 378 3808 fredi
409 3730 615 3797 Viterhiensis
646 3732 813 3798 Pantheon
845 3729 1009 3809 (editionis
1032 3731 1200 3814 m·imae)¹
1231 3739 1259 3797 et
1290 3731 1417 3798 Ottonis

292 3817 517 3899 Frisinaensis
545 3818 820 3887 Continuationem
844 3821 877 3885 S.
901 3819 1012 3884 Btasii
1022 3822 1053 3900 2,
1076 3820 1266 3900 cmicseutum,
1292 3821 1329 3884 de
1353 3840 1417 3901 qno

292 3905 426 3987 aqimus,
451 3907 565 3988 lenitur
587 3910 642 3988 fot.
668 3915 741 3973 123.
770 3913 848 3984 1243
874 3908 915 3987 of.
944 3908 1114 3988 Ootatoyus
1138 3910 1234 3973 codd(
1250 3929 1416 3973 manuscr.

292 3993 365 4058 hiht.
389 3993 497 4076 reniae
520 3996 581 4061 IV
600 3996 762 4079 (Parisiis
788 3998 899 4079 1744),
918 4018 952 4076 n.
975 4002 1031 4072 15;
1068 3995 1108 4060 G.
1133 3996 1179 4060 Η.
1205 3997 1310 4077 Perta,
1342 3994 1418 4060 ‘Ar-

293 4081 372 4147 chia'
397 4082 478 4162 VII,
498 4105 530 4163 p.
552 4090 609 4162 513
646 4087 685 4150 G.
713 4083 830 4163 Waitc,
863 4083 1008 4148 ‘Archia’
1028 4083 1093 4162 XI,
1119 4106 1154 4165 n.
1180 4090 1256 4148 332.
1304 4085 1421 4150 Huius
1442 4115 1473 4154 ιο

294 4290 321 4356 1)
343 4289 386 4353 af.
406 4289 453 4341 ss.
472 4289 568 4356 xxa,
592 4310 620 4358 p.
640 4294 674 4348 1s
686 4309 725 4358 sq.
799 4291 826 4356 2)
843 4290 891 4344 ss.
912 4289 975 4354 xx,
1001 4308 1027 4356 p.
1046 4293 1107 4344 303.
