3196 4880
277 337 313 391 40
341 381 343 388 .
397 356 402 364 ·
726 323 946 382 WIDUKINDI

278 515 389 579 latum
414 517 465 578 est
490 533 613 596 corpus
637 512 731 576 eius⁸
751 531 772 574 a
794 510 903 587 nobis,
929 509 1044 574 civilia
1059 508 1114 572 vel
1134 511 1275 572 externa
1291 527 1398 572 cessa·

278 625 357 668 vere
387 603 494 680 bella;
527 602 647 667 eodem
678 600 805 683 quippe
836 619 926 662 anno
950 597 1042 661 Dani
1073 602 1108 661 et
1138 590 1392 661 Northmannib

279 693 455 776 regionem
477 693 631 754 nostram
655 687 865 752 invaseruut’
878 687 899 747 1.
934 687 1008 750 Rex
1031 689 1147 749 autem
1172 705 1294 748 munus
1315 685 1398 748 divi-

281 802 365 844 num
409 785 506 844 cum⁰
546 779 640 842 omni
679 776 867 860 gratiarum
915 776 1050 839 actione
1096 775 1283 858 suscipiens
1323 795 1399 857 pro·

280 870 447 934 sternitur
484 867 645 951 reliquiis¹
678 866 805 930 sanctis
844 868 880 928 et
923 863 1126 928 deosculans
1165 883 1221 927 eas
1264 883 1436 926 summas

278 958 499 1023 veneratione
522 959 706 1020 veneratus
730 959 793 1018 est.

385 1061 580 1126 XXXIIII.
628 1061 776 1124 inclitus
806 1080 886 1124 vero
911 1063 1040 1144 martyr
1050 1061 1070 1137 ²,
1097 1059 1230 1141 dequo
1260 1057 1397 1140 legatus

279 1151 401 1216 Karoli
425 1151 596 1228 disseruit,
622 1153 696 1214 erat
718 1150 756 1212 in
780 1143 932 1212 Limus
955 1148 1131 1232 provincia
1161 1146 1270 1211 nobili
1293 1148 1396 1209 natus

277 1239 421 1316 familia,
461 1240 522 1304 sed
557 1259 701 1324 pagana.
760 1236 870 1315 Quem
906 1239 1004 1321 pater
1039 1236 1167 1322 presidi
1201 1235 1396 1320 provinciae

278 1327 463 1392 Valeriano
488 1327 710 1411 presentavit,
736 1346 881 1409 eumque
904 1326 997 1411 ipse⁰
1026 1345 1140 1409 preses
1165 1324 1452 1388 adinmolan·1o

279 1417 360 1480 dum
385 1409 597 1480 simulacrisf
625 1415 753 1498 coegit3
783 1415 843 1480 sed
866 1415 1000 1479 interea
1022 1435 1162 1478 manum
1185 1413 1337 1497 perdidit
1361 1417 1397 1476 et

278 1504 433 1569 oratione
457 1505 564 1588 ipsius
588 1505 715 1569 iterum
739 1525 858 1567 sanam
887 1504 1028 1588 recepit.
1083 1503 1231 1567 Brachia
1260 1502 1397 1566 tortori·

278 1593 342 1657 bus
366 1597 541 1670 aruerunt,
574 1594 633 1658 sed
657 1593 788 1658 meritis
819 1592 977 1676 martyris
1007 1593 1193 1656 restitutai
1225 1594 1306 1654 sunt
1336 1591 1395 1654 eis.

277 1681 408 1746 Videns
439 1685 555 1746 autem
579 1677 687 1766 pater,
719 1683 800 1764 quia
829 1684 1003 1746 tormenta
1029 1681 1146 1756 irrisit,
1179 1681 1317 1744 domum
1347 1700 1396 1742 re·

279 1764 412 1848 duxith,
437 1770 597 1835 cubiculo
620 1771 779 1834 omnibus
803 1769 936 1834 deliciis
960 1769 1120 1834 affluenti
1143 1769 1293 1834 reclusit.
1340 1768 1397 1832 Ibi
1420 1793 1450 1832 15

174 1893 176 1900 ι
278 1879 356 1922 cum
391 1861 542 1922 archana
576 1857 744 1942 quaedam
775 1852 901 1942 Hylasi
933 1860 1048 1923 -sic
1083 1859 1174 1922 enim
1209 1857 1398 1922 vocabatur

279 1949 377 2028 pater
405 1947 478 2010 eius
501 1981 545 1989 —
569 1948 791 2031 conspiceret,
823 1967 943 2012 caecus
975 1947 1135 2012 efficitur.
1182 1946 1227 2010 m
1257 1949 1396 2011 coactus

276 2028 402 2098 idolisk
432 2033 703 2113 abrenunciavit,
736 2035 912 2100 Christum
943 2037 1120 2100 confessus
1150 2041 1213 2100 est.
1266 2034 1397 2098 illumi·

277 2125 381 2186 natus
405 2125 521 2186 autem
545 2144 606 2206 per
629 2125 753 2188 merita
776 2125 840 2188 filii
868 2126 921 2188 sui
945 2125 1019 2188 Viti
1050 2124 1226 2188 Christum
1255 2124 1396 2206 negavit

278 2213 314 2274 et
344 2210 454 2273 filium
483 2211 676 2277 interficere
704 2214 882 2296 quaesivit.
936 2214 1075 2278 Monitu
1105 2212 1261 2296 angelico
1292 2216 1448 2295 atquem

278 2299 387 2362 ductu
409 2299 597 2378 Modestus,
624 2301 693 2364 iam
717 2304 852 2385 gravior
876 2303 1085 2386 pedagogus,
1110 2323 1256 2385 puerum
1280 2301 1394 2376 sumit,

278 2407 370 2452 mare
393 2382 570 2470 navigatl,
599 2390 643 2453 ad
667 2389 778 2454 Siler4
799 2391 944 2454 flurium
968 2392 1133 2474 pervenit.
1180 2390 1237 2454 Ibi
1260 2391 1322 2454 sub
1346 2409 1396 2452 ar·

278 2475 360 2540 bore
394 2477 542 2558 quadam
579 2479 832 2560 requiescentes
861 2484 987 2544 vacant
1017 2479 1240 2556 orationibus,
1272 2477 1396 2561 aquilis

276 2565 407 2628 victum
431 2566 668 2630 cotidianumm
691 2567 978 2632 ministrantibus.
1025 2568 1167 2652 Populis
1195 2573 1294 2631 eumn
1320 2567 1395 2630 risi·

277 2653 433 2717 tantibus
457 2675 542 2738 puer
558 2656 714 2739 predicat
731 2656 917 2732 Christum,
942 2657 1058 2739 plures
1075 2657 1255 2734 convertit,
1279 2655 1395 2740 plures
1414 2680 1444 2720 sc

277 2741 487 2824 baptismum
523 2745 695 2828 suscipere
728 2745 825 2809 fecit.
882 2745 966 2810 Post
1000 2747 1086 2810 haec
1121 2766 1142 2808 a
1176 2745 1395 2809 Diocletiano

277 2851 414 2896 caesare
438 2835 580 2896 vocatus
603 2833 747 2896 Romam
771 2833 1010 2917 proficiscitur,
1036 2837 1071 2898 et
1092 2835 1163 2898 filio
1178 2833 1395 2917 imperatoris

276 2940 337 3004 per
369 2919 580 3002 orationem⁰
608 2921 682 2985 Viti
712 2943 733 2984 a
764 2924 944 2986 daemonio
976 2925 1134 3007 purgato,
1170 2923 1295 2986 thuraP
1329 2921 1395 2984 diis

276 3008 400 3072 offerro
424 3007 589 3091 *cogitur
643 3009 724 3073 illiq
751 3031 832 3074 vero
863 3011 1002 3074 duriusr
1029 3012 1231 3096 imperatori
1259 3030 1396 3092 respon·
1415 3037 1513 3086 ⁸pus.

276 3096 390 3172 dente,
416 3096 535 3162 bestiis
559 3099 726 3180 proicitur
749 3119 812 3164 neo
828 3098 988 3163 laeditur.
1029 3101 1163 3165 Deinde
1186 3100 1223 3162 in
1243 3099 1394 3164 medium
1416 3101 1444 3162 so

277 3183 406 3247 clibani
441 3186 594 3249 ardentis
631 3187 791 3264 iactatur,
823 3190 877 3251 ets
914 3189 1038 3272 angelo
1068 3187 1222 3252 flammas
1252 3188 1395 3252 sedante

275 3271 417 3334 illaesus
447 3273 633 3354 egreditur.
685 3274 910 3340 Vinculorum
946 3277 1081 3360 ingenti
1111 3278 1202 3342 ferro
1232 3278 1394 3340 oneratus

274 3465 298 3511 a)
315 3463 363 3502 cius
378 3474 419 3506 om.
434 3463 480 3507 132.
546 3464 569 3512 b)
587 3465 619 3503 sie
632 3465 670 3504 Bl
684 3467 706 3513 (r
716 3471 768 3516 posi
782 3471 900 3516 supersrr.)
913 3470 933 3504 et
947 3467 975 3514 0,·
989 3468 1115 3506 nortmanni
1130 3469 1156 3510 A.
1169 3469 1232 3510 Frui.
1247 3467 1319 3514 susm
1337 3467 1394 3505 Nor·

275 3515 350 3555 mnndi
364 3516 410 3558 ΒΞ.
471 3515 492 3568 c)
506 3527 556 3556 cum
571 3529 613 3558 om.
626 3518 689 3560 Frui.
704 3535 730 3554 =
745 3520 817 3568 Snso5
831 3521 914 3568 suscip.
929 3531 979 3558 cum
993 3521 1052 3559 omni
1066 3525 1124 3571 grat.
1139 3521 1245 3564 sct.B1.
1307 3517 1329 3566 d)
1344 3518 1394 3558 litia

273 3569 471 3620 131311y012132.
539 3573 560 3619 e)
578 3582 669 3620 praeses
683 3572 731 3621 ipse
746 3574 792 3616 ΒΞ.
860 3573 1037 3620 nsimulachris
1052 3577 1079 3615 A.
1093 3575 1142 3614 ΒΞ.
1214 3576 1236 3622 g)
1255 3572 1353 3612 restituti
1371 3573 1395 3615 0.
1415 3575 1443 3614 35

275 3621 300 3672 h)
318 3621 408 3662 reduxit
421 3634 462 3666 om.
475 3624 523 3662 131.
605 3626 621 3672 i)
640 3625 702 3664 Hilas
716 3627 767 3676 1323
785 3627 833 3676 ylas
848 3627 872 3668 C,
954 3625 978 3676 k)
998 3624 1071 3678 ydolis
1090 3628 1117 3669 A.
1200 3627 1216 3675 1)
1234 3625 1351 3675 nauigauit
1370 3625 1394 3668 C.

275 3678 307 3724 m)
325 3675 471 3715 cottidianum
489 3673 695 3719 administrantibus
713 3680 762 3723 Bl.
829 3677 852 3730 n)
871 3678 930 3717 enirn
949 3678 972 3721 0.
1039 3682 1060 3727 ο)
1078 3680 1140 3720 beati
1157 3690 1196 3719 soc.
1214 3691 1280 3718 mann
1301 3680 1351 3720 cdd.
1370 3678 1393 3728 0,

275 3728 329 3767 sicui
342 3730 436 3778 saepius.
491 3729 580 3781 ptius-s
593 3731 617 3774 θ.
670 3731 810 3783 q)1110132.
864 3734 883 3780 r)
898 3731 980 3770 diutius
995 3732 1041 3775 Bl.
1095 3735 1114 3781 s)
1128 3737 1152 3773 et
1166 3743 1207 3776 om.
1220 3734 1269 3774 1³1.

276 3869 305 3938 1)
329 3871 467 3938 Reliquiae
485 3873 512 3927 S.
530 3873 587 3924 Via·
603 3889 628 3926 n.
648 3873 710 3928 836.
733 3875 763 3924 in
782 3872 919 3926 anonam
944 3875 1094 3927 translatos
1119 3880 1200 3937 sunm
1225 3880 1248 3926 si
1273 3875 1336 3924 inde
1361 3873 1395 3924 ab

275 3943 357 3992 annis
374 3943 436 3996 834.
458 3948 482 3994 ct
505 3944 568 3998 836.
604 3943 844 3996 Ncrdmunnosnm
869 3945 1035 3996 incursiones
1059 3961 1089 3998 rc
1112 3961 1175 3998 rura
1200 3943 1394 3998 increbuerunt.
1414 3960 1443 3999 uo

274 4012 303 4077 2)
327 4011 403 4073 Quod
419 4015 540 4078 sequitur
556 4013 626 4071 Wid,
645 4030 679 4066 esc
697 4014 824 4067 Passieno
842 4015 869 4068 S.
886 4015 944 4065 Viti
960 4029 1025 4069 suec.
1042 4017 1090 4070 VI.
1109 4018 1150 4068 vel
1169 4015 1231 4070 VII.
1250 4017 1395 4082 composita
1432 4051 1448 4104 Ι

275 4084 412 4148 sempsit,
439 4098 521 4148 quam
545 4084 603 4134 vids
626 4085 657 4134 in
675 4083 750 4136 Actis
768 4086 815 4140 SS.
834 4085 951 4154 Qi‘iiid
1001 4102 1046 4140 un.
1067 4089 1109 4142 15.
1135 4087 1174 4151 II,
1197 4103 1226 4153 p.
1247 4088 1394 4152 1021sqq„

276 4152 314 4205 sd.
331 4154 426 4206 norim.
439 4152 495 4219 III,
512 4171 541 4220 p.
554 4157 607 4209 499
619 4170 675 4222 sqq.
747 4143 841 4222 3Πῖ1
859 4154 1130 4222 hubentproSioilia
1148 4159 1279 4224 sipiares
1297 4157 1397 4209 codices
1439 4153 1444 4168 '

274 4223 362 4289 ipsim
379 4223 525 4278 Passionis.
563 4225 604 4289 Cf.
624 4226 691 4276 Actu
709 4226 758 4281 SS.
779 4227 795 4280 l.
815 4226 832 4282 l.
851 4243 881 4293 p.
901 4228 961 4292 501,
981 4243 1008 4281 n.
1027 4227 1054 4283 b.
1129 4228 1157 4298 4)
1175 4227 1261 4282 Hodie
1278 4227 1343 4292 Sele,
1363 4228 1395 4278 in

271 4296 414 4359 provincia
432 4293 616 4348 Salernitana.
1414 4314 1443 4354 45

689 4430 692 4434 .
730 4483 741 4503 ,
874 4450 895 4503 Ι
1030 4402 1066 4568 7(
1110 4416 1151 4470 sf'
1284 4467 1290 4500 r

712 4490 1009 4571 minisve„
1053 4498 1109 4560 ,pu
1145 4493 1200 4550 n
1223 4465 1291 4556 ,ba
1399 4503 1407 4526 ,
