3178 4880
301 281 335 334 12
748 277 968 332 WIDUKINDI

302 463 418 524 autem
442 461 659 545 congregatis
683 461 828 524 ducibus
852 481 892 524 ac
916 460 1066 523 militum
1090 461 1302 544 principibus
1327 479 1416 523 exer·

302 549 391 612 citus
415 549 501 626 suist,
526 553 627 633 rogat
650 549 868 626 sententiam,
885 552 1084 612 utrumnam
1101 551 1280 613 censerent
1295 547 1416 610 Irmin-

300 630 451 700 fridumb
479 638 760 720 persequendum,
791 659 836 700 an
864 638 1012 720 patriam
1039 638 1271 701 remeandum.
1318 636 1417 700 Inter

301 745 385 808 quos
414 725 667 790 Waldricus‘'‘·l
705 725 899 790 consultus:
940 725 1101 802 ‘Oense0'‚
1136 725 1266 808 inquit,
1303 723 1416 788 ‘causa

302 833 418 879 caesos
442 814 639 897 sepeliendi,
656 814 854 878 vulneratos
871 814 1024 887 curandi,
1049 814 1213 878 maiorem
1229 813 1416 878 exercitum
1434 833 1447 872 s

302 903 536 985 congregandi
559 902 706 986 patriam
736 902 976 978 remeandum
1007 922 1118 985 neque
1148 902 1239 966 euim
1268 901 1417 966 arbitror

302 990 421 1054 multis
456 991 595 1055 milibus
629 995 767 1054 tuorum
799 991 932 1054 amissis
961 990 1121 1055 sufficere
1151 1010 1213 1053 nos
1243 1009 1341 1073 posse
1372 990 1416 1052 ad

287 1075 535 1163 'peragendum
558 1099 697 1163 presens
714 1079 854 1144 bellum.
894 1079 931 1143 Si
947 1079 1039 1144 enim
1056 1080 1220 1143 barbarae
1236 1079 1416 1141 nationes²

301 1166 502 1231 innumerae
525 1168 562 1230 in
585 1189 646 1232 nos
671 1163 915 1250 consurgantd,
939 1167 1058 1230 multis
1082 1170 1276 1231 nostrorum
1297 1165 1416 1230 debili·

301 1255 395 1330 tatis,
425 1276 486 1339 per
512 1275 596 1339 quos
620 1255 784 1320 vineisflr’
832 1255 917 1320 Erat
946 1260 1062 1320 autem
1085 1255 1269 1319 Thiadrioo
1299 1274 1416 1319 servus
1437 1276 1463 1314 ιο

302 1345 385 1408 satis
415 1344 629 1428 ingeniosus,
664 1345 761 1409 ouius
792 1344 973 1410 consilium
1008 1347 1168 1428 expertus
1199 1346 1252 1408 est
1281 1343 1416 1427 saepius

302 1432 465 1515 probum,
504 1433 603 1516 eique
642 1427 846 1517 proptereaf
880 1433 1027 1516 quadam
1066 1432 1306 1497 familiaritate
1341 1452 1417 1495 oon-

301 1521 451 1584 iunotus.
490 1521 558 1586 Hic
580 1525 722 1606 rogatus
745 1523 952 1587 sententiam
969 1522 1065 1586 dare:
1085 1520 1139 1583 ‘In
1153 1519 1276 1598 rebus’,
1293 1520 1415 1603 inquit,

303 1609 467 1673 ‘honestis
490 1609 757 1694 pulcherrimam
781 1630 915 1694 semper
937 1630 1009 1674 esse
1034 1609 1181 1674 arbitror
1203 1629 1418 1692 perseveran-

301 1697 397 1775 tiam,
428 1718 531 1780 quam
560 1699 612 1763 ita
635 1699 818 1763 coluerunt
842 1699 987 1763 maiores
1014 1698 1134 1774 nostri,
1163 1701 1204 1760 ut
1233 1718 1255 1760 a
1283 1697 1415 1781 ceptisg
1438 1716 1462 1756 15

302 1786 450 1869 negotiis
487 1807 565 1851 raro
598 1787 655 1853 vel
692 1807 878 1870 numquam
915 1779 1135 1852 deficerenth.
1193 1785 1266 1850 Nec
1300 1789 1418 1850 tamen

303 1874 438 1938 labores
460 1879 595 1939 nostros
619 1896 736 1939 eorum
760 1876 957 1958 aequandos
980 1875 1183 1959 putaverim,
1215 1874 1275 2000 spui
1304 1874 1417 1958 parvis
1465 1895 1470 1906 ·

303 1962 409 2046 copiis
441 1964 599 2046 ingentes
634 1963 791 2047 gentium
826 1964 941 2046 copias
975 1965 1223 2046 superaverunt
1250 2009 1257 2024 .
1315 1962 1417 2026 Nunc

301 2055 396 2114 terra
429 2045 487 2113 ink
519 2055 638 2115 nostra
675 2054 728 2116 est
761 2054 949 2135 potestate,
990 2054 1026 2116 et
1060 2051 1266 2116 discessione
1300 2054 1419 2115 nostra

302 2139 403 2202 victis
426 2139 639 2204 occasionem
654 2140 815 2204 vincendi
839 2139 1092 2223 prestabimus?
1126 2139 1364 2223 Amplecterer
1383 2145 1418 2203 et
1437 2160 1463 2198 so

302 2228 375 2310 ipse
399 2228 545 2311 patriam
568 2228 690 2305 redire,
719 2227 926 2292 familiarem
953 2229 1243 2292 necessitudinem
1266 2221 1416 2305 videre¹‚

303 2317 333 2379 si
356 2317 491 2380 hostem
514 2319 669 2380 nostrum
697 2337 738 2380 eo
769 2317 880 2400 spatio
911 2317 1031 2380 scirem
1063 2317 1134 2380 otio
1164 2336 1296 2381 vacare.
1349 2315 1417 2381 Sed

302 2403 477 2468 vulnerati
508 2404 617 2469 nostri
642 2405 799 2468 forsitan
830 2404 894 2468 hac
928 2425 965 2469 re
995 2405 1164 2488 indigent.
1218 2404 1417 2470 Castrorum

303 2495 407 2556 estom
430 2493 537 2570 labor,
562 2493 705 2577 inpigris
729 2493 862 2570 animis,
885 2514 971 2570 reor,
996 2515 1057 2578 pro
1074 2494 1222 2557 maxima
1237 2493 1418 2577 voluptate

304 2583 366 2646 est.
413 2581 504 2665 Ergo
529 2601 626 2646 caesa
657 2581 882 2646 multitudiue
913 2583 1083 2646 exercitus
1114 2585 1166 2645 est
1196 2584 1418 2646 vehementer
1437 2599 1462 2640 a

303 2672 515 2734 attenuatus.
572 2669 745 2734 Hostesne
776 2691 893 2734 omnes
926 2670 1133 2735 evaserunt?
1168 2673 1260 2735 certe
1290 2671 1417 2734 rarissi-

303 2763 414 2822 musn.
475 2757 555 2842 Ipse
593 2778 740 2840 namque
779 2759 848 2822 dux
886 2761 927 2821 ut
965 2759 1132 2840 quaedam
1171 2759 1318 2823 bestiola
1356 2779 1418 2823 suo

303 2847 460 2910 munitur
482 2847 639 2924 latibula,
663 2847 757 2911 urbis
782 2847 1016 2910 circumdatur
1040 2847 1200 2924 claustro,
1225 2868 1289 2912 nec
1304 2847 1415 2930 ipsum

303 3045 326 3097 s)
346 3047 383 3096 sic,
402 3057 446 3086 ron
464 3046 608 3097 principibus,
630 3046 741 3086 exercitus
759 3047 794 3085 sui
813 3050 878 3095 rogat
895 3045 1027 3085 renuntiem
1047 3046 1182 3094 distimuuut
1199 3046 1227 3086 Δ.
1246 3046 1296 3088 Bi.
1316 3046 1339 3088 Ο.
1355 3046 1419 3088 Frui,

304 3100 326 3148 b)
339 3100 370 3137 aie
384 3100 422 3138 boe
436 3100 481 3138 loeo
494 3101 559 3138 etiam
573 3100 596 3143 C.
663 3101 684 3147 c)
703 3097 835 3140 waldericus
853 3099 902 3138 Β1.
921 3099 946 3148 23
965 3096 1093 3138 uualdricus
1106 3099 1130 3142 G.
1198 3098 1221 3148 d)
1240 3103 1376 3152 consurgunt
1389 3100 1418 3146 0,·
1437 3103 1463 3142 ao

303 3152 405 3192 nationes
425 3152 449 3191 in
467 3163 506 3193 nos
525 3155 661 3202 consurgant
678 3151 794 3191 innumere
812 3152 861 3192 Bl.
943 3155 965 3200 e)
985 3153 1062 3192 uinces
1080 3152 1129 3191 Bi.
1211 3153 1229 3199 t)
1249 3150 1345 3202 quadam
1364 3153 1417 3191 tam.

303 3209 423 3255 propterea
440 3206 460 3244 B
470 3207 489 3248 1.
556 3207 579 3255 g)
597 3206 693 3254 scespus
707 3205 780 3253 maa.,·
794 3215 808 3244 a
821 3205 900 3254 ceptis,
915 3206 973 3254 quod
986 3207 1032 3244 iam
1046 3205 1115 3243 Wuite
1128 3205 1244 3254 praeferre
1257 3205 1348 3255 roboat,
1368 3215 1418 3243 eon·

303 3259 397 3298 amarit
410 3259 454 3298 rios
467 3259 560 3298 restituit
573 3259 632 3297 solus
644 3258 707 3299 Frst.
767 3257 791 3306 b)
810 3255 918 3298 deiiceret
931 3258 954 3300 C.
1015 3259 1031 3306 i)
1049 3259 1206 3306 superauerint
1220 3259 1244 3302 0.
1303 3258 1328 3306 k)
1346 3262 1380 3298 est
1395 3259 1419 3296 in

303 3315 379 3350 nostra
396 3311 445 3349 Β1.
527 3313 543 3358 1)
564 3309 684 3359 prouidere
704 3310 766 3353 Frui.
846 3313 877 3360 m)
898 3321 951 3360 ergo
969 3311 1043 3361 Frut,
1065 3312 1102 3361 qui
1117 3315 1170 3360 post
1188 3311 1251 3350 labor
1268 3312 1330 3359 siam
1350 3314 1417 3350 rarat.

303 3363 327 3414 n)
341 3363 463 3403 rarisumus
478 3362 506 3412 0,·
520 3363 627 3404 rarissimi
641 3364 704 3402 Frut.
1438 3367 1463 3406 35

305 3531 331 3600 1)
350 3531 512 3597 Waidricus,
531 3533 657 3598 quonam
675 3532 712 3582 ad
729 3547 822 3584 amum
834 3533 890 3584 aaa
901 3532 975 3584 mihil
986 3532 1063 3584 atiud
1075 3533 1201 3598 adicitur,
1214 3534 1244 3583 iu
1255 3533 1420 3584 carmiaimss

302 3602 448 3655 miseratus
465 3604 570 3654 videtur
584 3619 637 3655 csso
654 3606 741 3656 notus.
807 3603 836 3670 2)
857 3602 965 3655 Slaaiue
983 3619 1019 3655 aa
1032 3602 1173 3656 Saxones?
1200 3603 1278 3656 Sicci
1293 3619 1311 3654 o
1326 3603 1418 3654 Widu-

303 3674 386 3724 iciado
403 3675 500 3726 iterum
518 3679 595 3740 utque
613 3676 709 3725 iterum
727 3671 846 3740 barbari,
869 3672 1003 3726 barbarae
1021 3672 1147 3726 nationes
1171 3674 1359 3740 appellaretur,¹
1384 3676 1417 3738 of.

303 3744 570 3811 Kapsa-Damam,
593 3745 703 3797 ‘Karber
722 3743 781 3796 Otto
804 3745 853 3796 der
872 3745 970 3797 &osso
994 3743 1180 3810 (Jaamamsr
1203 3745 1252 3795 der
1270 3744 1419 3796 Deutaeirea

304 3815 478 3876 &maumites
501 3834 529 3883 p.
555 3818 627 3878 55&
651 3815 738 3867 nihilo
760 3817 842 3868 caim
866 3816 914 3867 hoc
939 3817 993 3868 loco
1017 3816 1048 3866 dc
1073 3815 1226 3866 Semonibus
1250 3816 1419 3880 capiundum
1437 3828 1463 3866 eo

302 3891 347 3939 est.
379 3887 499 3938 Nomia
517 3886 610 3952 libello,
629 3888 752 3953 quonia
770 3888 912 3954 appendice
931 3887 1014 3951 edam
1032 3887 1063 3937 dc
1082 3887 1186 3951 eripias
1201 3885 1354 3952 Sauram
1372 3886 1421 3936 ubi

303 3957 382 4008 &ieri
399 3973 443 4008 eas
457 3963 551 4024 partes
569 3958 691 4022 obtineat,
709 3973 778 4024 quas
795 3958 915 4010 hocloco
934 3957 1062 4020 Sorores,
1084 3962 1221 4008 narratur
1243 3956 1419 4007 iiiiadm'cum

303 4029 397 4080 timore
419 4031 605 4095 perterritum,
631 4043 664 4079 ae
689 4028 871 4092 Irminfridus
895 4027 992 4080 Sueuos
1016 4042 1103 4093 nuper
1120 4028 1211 4078 Albim
1236 4033 1420 4092 traaspressoe

303 4098 408 4150 auaiiic
426 4114 474 4151 suo
493 4105 644 4164 uiuesceret,
667 4102 785 4166 priorem
804 4099 865 4150 ilios
890 4100 1049 4165 autmapasse
1072 4099 1204 4164 missaque
1231 4098 1359 4164 lepatioue
1383 4099 1420 4150 eis

303 4170 498 4222 terramillam
516 4171 546 4222 iu
566 4171 759 4237 proprietatem
782 4170 926 4221 traditiose
950 4173 965 4234 (
977 4209 983 4222 .
1004 4171 1040 4230 7).
1086 4169 1128 4232 Os.
1153 4171 1233 4220 ctiam
1257 4183 1325 4235 quae
1349 4167 1418 4223 Wid.
1437 4179 1464 4219 ss

302 4241 359 4308 ipsc
377 4240 457 4305 iufra
475 4247 583 4296 narrat.
806 4271 807 4276 =
