3178 4880
766 332 986 390 WIDUKINDI

593 512 894 601 irroremur
918 515 1161 580 onemunn.
1456 528 1555 579 nm.

516 641 544 704 I.
584 639 675 718 Quia
697 640 783 703 alios
807 639 943 703 libellos
967 639 1143 723 scripserit
1172 642 1287 724 preter
1316 640 1433 704 istum.

495 727 544 792 ΙΙ.
584 728 638 794 De
661 728 794 811 origine
821 728 934 811 gentis
957 727 1124 795 Saxonioe
1147 729 1275 792 variam
1306 729 1434 813 opinio·

584 837 662 881 nem
687 816 875 880 multorum
898 818 1026 880 narrat.
1431 848 1435 855 ·

477 905 546 969 III.
585 904 686 983 Quod
716 904 861 968 navibus
890 905 1027 969 adventi
1056 905 1126 968 sint
1154 905 1191 968 in
1225 904 1341 970 locum
1374 906 1468 989 quie
1587 913 1588 916 ’

586 993 713 1057 dicitur
736 992 948 1056 Hathalaon.
1317 1058 1324 1070 ‚

454 1081 545 1145 IIII.
585 1080 685 1160 Quod
715 1081 866 1166 graviter
895 1081 1083 1144 adventum
1119 1101 1236 1145 eorum
1265 1079 1434 1165 Thuringi

586 1169 703 1233 ierant
726 1172 761 1234 et
785 1189 863 1233 oum
887 1169 935 1232 eis
958 1173 1125 1253 pugnent.

505 1257 546 1320 V.
586 1256 765 1336 Quomodo
804 1257 1003 1321 adolescens
1048 1261 1176 1322 terram
1218 1278 1301 1321 auro
1348 1277 1434 1321 oom-

585 1346 730 1429 paravit.
1455 1367 1482 1406 ιο

486 1433 548 1499 Vl.
587 1433 756 1517 Thuringi
786 1436 950 1499 accusant
980 1433 1131 1499 Saxones
1161 1434 1203 1498 de
1234 1437 1336 1517 rupto
1365 1434 1434 1498 ioe-

588 1523 684 1600 dere;
710 1521 860 1588 Saxones
884 1525 1001 1588 antem
1024 1523 1170 1588 viatores
1194 1523 1358 1588 existunt.

465 1611 546 1676 VII.
587 1611 687 1675 Unde
711 1610 862 1676 Saxones
886 1611 1056 1676 dicantur.

444 1700 547 1764 VIII.
585 1699 721 1764 Nomen
744 1699 918 1764 Saxonum
949 1698 1083 1784 celebre
1113 1699 1162 1777 fit,
1194 1701 1230 1764 et
1260 1697 1434 1764 aBrettis

586 1788 622 1850 in
647 1788 815 1851 auxilium
837 1791 1030 1852 sumuntur.
1456 1808 1483 1846 15

424 1875 546 1940 VIIII.
586 1869 846 1941 Thiadriousb
837 1898 873 1940 1n
903 1895 1019 1960 regem
1050 1875 1192 1959 eligitur
1223 1878 1258 1939 et
1285 1874 1434 1940 Senones

587 1965 723 2029 vocat
714 1987 751 2028 rn
781 1965 947 2028 auxilium
978 1967 1099 2029 eontra
1122 1963 1434 2048 Hyrminfridum‘k

504 2053 547 2116 X
587 2047 704 2135 Iringd
720 2053 961 2117 Thiadrioum⁰
979 2056 1099 2117 eontra
1115 2052 1264 2116 Saxones
1279 2052 1434 2136 instigat.

486 2141 549 2204 Xl.
589 2141 795 2224 Hathagath
812 2141 961 2206 Saxones
985 2142 1028 2205 ad
1045 2141 1246 2206 bellandum
1260 2144 1434 2225 provocat.

464 2229 549 2292 XII.
589 2229 739 2294 Saxones
762 2233 865 2354 capta
887 2231 972 2294 urbe
995 2231 1175 2313 deponunt
1198 2229 1361 2312 aquilam.
1457 2251 1486 2289 so

443 2318 547 2382 XIII.
586 2318 789 2383 Thiadrioua
845 2318 1036 2384 Senonibus
1074 2322 1202 2384 terram
1235 2318 1360 2396 tradit,
1401 2319 1437 2381 et

589 2405 859 2471 Hirminfridns⁰
887 2407 1067 2472 oooiditur.

399 2493 548 2558 XIHI.g
589 2494 747 2574 Qualiter
776 2495 927 2560 Saxones
957 2515 1057 2578 agros
1087 2495 1257 2572 dividunt,
1289 2498 1325 2558 et
1355 2493 1436 2577 quia

587 2583 738 2646 triformi
760 2603 885 2665 genere
909 2604 949 2648 ao
972 2583 1049 2667 lege
1071 2584 1204 2647 vivunt.

473 2670 549 2734 XV.
588 2670 746 2750 Qualiter
780 2691 837 2736 eos
867 2672 1015 2755 Magnus
1047 2669 1191 2736 Carolus
1222 2671 1435 2736 Christianos
1457 2691 1485 2731 ne

587 2760 684 2824 feeit.

455 2847 550 2912 XVI.
591 2841 665 2912 Deh
685 2847 901 2912 Luthuvioo⁰
925 2851 961 2911 et
985 2847 1146 2912 Brunone
1170 2852 1206 2912 et
1229 2846 1373 2913 Oddone
1401 2851 1436 2912 et

590 2935 747 3000 Conrado
770 2955 861 3020 rege.

329 3059 331 3064 ·
433 3024 549 3088 XVII.
589 3024 642 3088 De
665 3044 746 3108 rege
769 3023 944 3089 Heinrieo.

412 3112 549 3176 XVIII.
589 3112 642 3178 De
666 3113 837 3196 Ungariis‚
862 3113 922 3194 qui
945 3115 981 3176 et
1004 3114 1133 3178 Avares
1157 3113 1331 3177 dicuntur.
1458 3134 1487 3173 ao

391 3199 550 3263 XVIIII.
589 3201 734 3282 Ungarii
769 3221 789 3263 a
822 3200 950 3284 Magno
981 3200 1104 3264 Oarolo
1139 3201 1261 3278 clausi,
1297 3202 1358 3265 sed
1392 3201 1435 3265 ab

590 3288 739 3352 Arnulfo
764 3289 905 3352 dimissi.

472 3375 550 3437 XX.
590 3374 748 3454 Qualiter
771 3376 916 3460 Ungarii
940 3376 1122 3441 Saxoniam
1145 3377 1339 3442 vastabant.

451 3463 550 3526 XXI.
590 3463 774 3528 Heinrious
798 3465 839 3528 fit
862 3465 932 3528 dux
955 3464 1132 3530 Saxoniae.

431 3550 549 3614 XXII.
589 3551 642 3616 De
654 3545 837 3617 Heinrioo¹
857 3556 892 3617 et
908 3554 1066 3638 episeopo
1079 3553 1244 3618 Hathone
1260 3557 1296 3619 et
1312 3553 1435 3618 comite
1459 3575 1487 3615 ro
1558 3597 1563 3620 .

589 3639 814 3704 Adelberhto.

410 3725 550 3792 XXIII.
590 3727 643 3793 De
667 3727 825 3795 Conrado
850 3729 885 3794 et
908 3730 982 3794 eius
1004 3729 1112 3794 fratre
1136 3723 1372 3794 Evurhnrdok.

389 3815 549 3878 XXIIII.
589 3814 766 3881 Conradus
790 3818 926 3882 obsedit
950 3817 1162 3883 Heinrioum.

438 3903 549 3966 XXV.
589 3903 740 3968 Conradi
762 3906 853 3987 regis
877 3926 987 3970 sermo
1010 3910 1092 3970 ante
1115 3909 1271 3970 mortem.

417 3989 548 4054 XXVI.
587 3987 828 4056 Ilvnrhardus¹
860 4014 978 4077 regem
1012 3994 1193 4058 constituit
1222 3994 1437 4059 Heinrioum.
1461 4017 1491 4056 ao

320 4195 960 4258 nempumnaaramamamprneoenprmtr
1030 4199 1337 4247 urimenus
1434 4234 1442 4246 ,
1580 4235 1581 4248 ,

409 4259 453 4344 η’.
480 4247 790 4352 ἰι)ᾱὲἒὲ”ᾱήι)ῗίιιξιοο
804 4210 1017 4352 uopIt‘eIItnu
1017 4251 1085 4346 <1⁰60
1122 4253 1341 4358 ‘bxntffih
