3132 4896
297 301 315 356 8
745 295 966 350 WIDUKINDI

298 480 419 543 dentes
443 479 565 562 legati:
584 477 746 562 ‘Optimi’,
765 476 939 560 inquiunt,
958 477 1127 554 Saxones,
1144 478 1260 542 miseri
1277 477 1409 542 Bretti⁸

298 568 424 632 crebris
449 567 601 630 hostium
624 566 877 630 incursionibus
899 566 1042 650 fatigati
1066 569 1102 630 et
1124 566 1310 632 admodum
1337 586 1414 630 con·

296 656 382 733 triti,
408 655 536 719 auditis
551 655 705 718 victoriis
729 675 749 717 a
764 655 860 718 vobis
876 655 1057 738 magnifice
1073 655 1229 737 patratis,
1247 655 1413 720 miserunt

296 763 359 808 nos
382 744 426 807 ad
449 764 518 820 vos,
544 742 788 826 supplicantes,
813 746 854 805 ut
877 743 921 807 ab
945 743 993 807 eis
1023 736 1156 806 vestrah
1185 743 1314 806 auxilia
1342 763 1412 808 non

297 832 519 896 subtrahatis.
580 831 720 895 Terram
758 830 865 894 latam
900 833 935 896 et
969 831 1155 914 spatiosam
1191 834 1226 896 et
1260 832 1447 894 omniums

295 939 411 984 rerum
440 920 540 1004 copia
569 920 734 984 refertam
763 921 898 984 vestrae
928 919 1097 983 mandant
1127 919 1253 983 ditioni
1282 940 1412 1003 parere.

297 1007 369 1072 Sub
389 1009 620 1072 Romanorum
644 1009 813 1072 hactenus
837 1007 1000 1072 clientela
1023 1027 1063 1071 ac
1085 1007 1199 1071 tutela
1222 1008 1414 1073 liberaliter

296 1096 459 1172 viximus;
484 1100 562 1178 post
584 1096 757 1160 Romanos
779 1096 876 1160 vobis
906 1095 1064 1160 meliores
1094 1097 1302 1180 ignoramus,
1333 1097 1412 1161 ideo

296 1185 360 1248 sub
398 1187 532 1250 vestrae
570 1185 709 1247 virtutis
747 1183 819 1248 alas
857 1184 980 1267 fugere
1026 1184 1231 1268 quaerimus.
1288 1185 1413 1249 Vestra

295 1273 442 1350 virtute,
477 1274 601 1338 vestris
636 1272 739 1336 armis
773 1273 931 1336 hostibus
964 1275 1104 1336 tantum
1138 1273 1330 1356 superiores
1363 1274 1461 1336 in-10

294 1361 482 1437 veniamur,
508 1364 543 1425 et
573 1361 735 1444 quiequid
764 1360 932 1444 inponitis
962 1362 1103 1439 servitii,
1134 1361 1283 1426 libenter
1313 1363 1412 1427 susti-

294 1448 438 1514 nemus'.
498 1448 641 1514 Patresl
676 1450 720 1513 ad
755 1450 840 1512 haee
875 1469 986 1533 pauca
1019 1450 1244 1534 respondent:
1281 1449 1412 1515 ‘Certos

295 1538 422 1602 amicos
445 1537 596 1602 Brettis⁰
621 1537 771 1602 Saxones
794 1537 911 1602 sciatis
935 1539 971 1602 et
998 1558 1117 1602 eorum
1146 1539 1411 1603 necessitatibus

295 1628 398 1709 atque
422 1627 609 1690 commodis
632 1646 739 1708 aeque
766 1645 900 1710 semper
930 1627 1121 1691 affuturos'.
1174 1627 1298 1710 Legati
1326 1627 1413 1692 laeti

293 1710 494 1780 redierunt<l
521 1716 557 1779 in
581 1715 739 1799 patriam,
764 1717 926 1798 exoptato
956 1715 1080 1779 nuntio
1111 1715 1219 1780 socios
1251 1716 1412 1780 laetiores
1434 1737 1461 1777 rs

294 1803 502 1886 reddentes.¹
542 1803 678 1868 Deinde
708 1802 913 1886 promissus⁰
941 1803 979 1866 in
1002 1797 1232 1868 Brittaniamf
1259 1805 1413 1868 mittitur

294 1892 481 1968 exercitus,
517 1896 552 1956 et
586 1894 767 1974 gratanter
796 1892 839 1955 ab
871 1891 989 1956 amicis
1019 1896 1213 1976 susceptus,
1249 1893 1286 1956 in
1316 1894 1411 1958 brevi

294 1978 420 2044 liberat
442 1980 618 2064 regionem
641 2000 661 2042 a
684 1979 886 2058 latronibus,
910 1980 1097 2044 restituens
1113 1981 1261 2064 patriam
1277 1981 1410 2045 incolis.

294 2066 414 2150 Neque
438 2068 528 2132 enim
552 2067 648 2131 inid
672 2069 806 2151 agendo
836 2067 985 2132 multum
1016 2068 1144 2133 laboris
1173 2070 1252 2146 fuit,
1284 2071 1410 2154 quippe

294 2156 353 2238 qui
376 2155 445 2219 iam
469 2155 552 2219 olim
575 2156 696 2219 audita
715 2156 810 2220 fama
825 2155 999 2220 Saxonum
1015 2157 1165 2241 perculsi
1179 2158 1408 2235 terrebantur,
1431 2181 1460 2219 ao

295 2243 502 2308 dummodog
534 2245 707 2328 presentia
742 2265 860 2308 eorum
889 2245 1010 2328 procul
1039 2245 1219 2330 pelluntur
1228 2247 1249 2306 2.
1302 2247 1410 2310 Erant

294 2332 385 2396 enim
409 2333 474 2396 hae
498 2336 619 2416 gentes
642 2333 773 2399 Brettis
796 2333 959 2398 adversae
983 2327 1116 2398 Scottih
1142 2337 1178 2399 et
1201 2335 1329 2412 Pehtti,
1354 2336 1409 2399 ad·

293 2439 410 2484 versus
445 2441 529 2502 quos
564 2421 754 2486 militantes
789 2420 939 2486 Saxones
974 2423 1191 2506 accipiebant
1225 2444 1246 2487 a
1280 2424 1409 2488 Brettis

293 2509 409 2572 omnia
438 2510 483 2573 ad
513 2530 614 2573 usum
645 2510 846 2574 necessaria.
899 2511 1103 2576 Manserunt
1132 2511 1249 2594 itaque
1279 2513 1317 2575 in
1347 2512 1410 2576 illa

292 2597 432 2679 regione
460 2597 639 2680 aliquanto
668 2601 834 2681 tempore,
858 2599 987 2663 vicaria
1010 2600 1209 2664 Brettorum
1239 2601 1327 2665 bene
1356 2602 1410 2664 usi
1431 2623 1459 2662 ss

294 2686 457 2749 amicitia.
497 2686 546 2750 Ut
569 2689 686 2750 sutem
708 2687 871 2752 videmmt
893 2687 1065 2771 principes
1090 2689 1259 2754 exercitus
1283 2693 1408 2754 terram

292 2773 400 2838 latam
430 2795 469 2838 ac
499 2774 651 2839 fertilem
682 2776 718 2839 et
746 2775 938 2839 incolarum
974 2797 1095 2841 manus
1130 2778 1174 2841 ad
1209 2777 1408 2842 bellandum

292 2862 417 2946 pigras,
443 2883 478 2928 se
501 2884 582 2928 vero
606 2884 645 2928 ac
669 2864 853 2927 maximam
877 2867 1010 2947 partem
1027 2864 1198 2929 Saxonum
1216 2867 1290 2930 sine
1307 2868 1409 2930 certis

292 2952 431 3015 sedibus
441 2951 462 3030 ³,
487 2945 650 3016 mittrmti
675 2953 718 3016 ad
741 2953 995 3017 revocandum⁴
1022 2953 1187 3018 maiorem
1209 2954 1407 3032 exercitum,

293 3042 329 3104 et
358 3060 442 3124 pace
471 3041 567 3105 facta
597 3062 675 3106 cum
705 3035 855 3106 Scottisk
889 3043 925 3105 et
954 3041 1122 3118 Pehttis5,
1158 3043 1195 3106 in
1230 3063 1409 3108 commuue
1430 3064 1459 3104 so

292 3133 412 3192 contra
442 3129 580 3194 Brettos
617 3133 831 3213 consurgunt
866 3149 990 3212 eosque
1024 3131 1164 3214 regione
1198 3132 1407 3216 propellunt,
1559 3135 1560 3138 ’

291 3350 314 3403 a)
328 3353 391 3392 brlttl
404 3356 432 3402 A,
444 3358 523 3402 postca
539 3364 590 3393 acro
603 3355 684 3405 brottl3
699 3355 776 3395 Bractl
789 3355 829 3394 Ba
842 3365 933 3405 smper,
950 3354 978 3401 cr.
992 3355 1092 3399 Kolbasa.
1101 3367 1126 3406 p.
1134 3357 1160 3396 41
1174 3357 1249 3406 (olivr
1264 3356 1318 3399 ‘us
1331 3357 1410 3396 scem-

286 3406 367 3455 pluria
380 3407 455 3445 vitiose
467 3407 541 3455 munt
552 3407 646 3451 Bracti'.
712 3406 736 3458 b)
753 3409 839 3448 auxilla
856 3413 932 3448 uestra
949 3408 970 3447 B
980 3410 999 3451 1.
1066 3407 1087 3460 c)
1105 3411 1136 3448 cic
1150 3410 1190 3448 hcc
1203 3410 1249 3450 loco
1265 3411 1330 3450 aiom
1343 3410 1371 3459 A,
1390 3414 1409 3448 ct

286 3462 366 3508 postea
381 3469 471 3518 spnpor.
536 3458 558 3510 d)
576 3460 601 3500 in
615 3461 710 3510 patriam
724 3461 772 3503 red.
785 3461 813 3501 A.
881 3464 901 3510 e)
918 3461 1032 3512 promissis
1045 3462 1123 3511 prima
1136 3474 1203 3502 manu
1217 3475 1274 3504 eorm
1289 3464 1409 3513 promissus

291 3511 421 3563 (promum)
435 3513 458 3554 0.
519 3512 537 3564 ἰ)
555 3513 586 3552 ss'c
603 3514 630 3556 A.
649 3515 678 3561 0,·
696 3514 840 3554 brittanniam
858 3515 910 3566 B1;
931 3515 1050 3554 Brltsunla
1090 3515 1140 3560 Ba.
1199 3514 1222 3566 g)
1239 3517 1291 3556 dum
1305 3516 1368 3556 modo
1382 3516 1410 3559 A.
1430 3517 1458 3558 35

291 3565 315 3614 b)
328 3566 360 3604 sic
368 3566 401 3615 A,·
415 3566 470 3605 scoti
480 3565 585 3615 etpehlti
594 3567 645 3616 313
659 3566 729 3616 scoti,
743 3567 818 3608 Pehltl
830 3567 881 3619 1323
898 3568 971 3608 scothi
984 3572 1008 3608 ct
1021 3579 1049 3618 pe
1063 3569 1080 3608 ti
1092 3569 1128 3620 (ε
1142 3568 1241 3619 pencris)
1255 3571 1284 3616 0,·
1302 3569 1332 3618 ct.
1350 3581 1370 3612 u.
1385 3569 1409 3610 k.

290 3617 308 3668 l)
329 3615 359 3658 ad
378 3619 529 3659 reuocandum
549 3620 601 3662 mai.
622 3630 695 3664 exerc.
714 3621 807 3660 mittunt
828 3621 878 3665 Bl.
959 3622 983 3670 k)
1004 3622 1083 3662 scottis
1103 3627 1126 3662 et
1146 3621 1257 3676 pets-llus
1278 3623 1314 3671 A,-
1333 3623 1409 3662 scottis

290 3672 394 3764 (altlpnlpp
395 3677 418 3766 1⁸t
428 3677 485 3765 post
498 3675 616 3765 cuppam.)
630 3677 653 3713 et
666 3673 748 3722 pcbitls
763 3673 813 3725 313
828 3675 905 3714 scottis
921 3678 943 3714 ct
956 3675 1029 3724 pehtis
1044 3676 1084 3714 tce
1098 3676 1143 3715 loco
1158 3676 1186 3724 05
1204 3685 1260 3725 pace
1273 3687 1324 3715 cum
1338 3675 1408 3716 Sectis

291 3729 314 3764 ct
348 3736 360 3765 s
385 3729 394 3764 t
444 3729 516 3766 nuato.
570 3757 576 3769 .

291 3901 318 3970 1)
347 3901 498 3954 Secundum
521 3904 708 3957 Romanorum
734 3905 843 3970 linguae
867 3906 1086 3960 conscendissem.
1127 3905 1301 3962 Wmcoaa
1327 3907 1410 3958 imar-
1428 3920 1460 3959 eo

286 3975 398 4038 procuri
414 3973 508 4026 suada
526 3976 585 4028 ‘Dic
602 3975 761 4030 secante.
846 3975 874 4045 2)
895 3975 935 4040 Os.
954 3977 986 4028 ἀι
1002 3976 1050 4028 hoo
1068 3976 1122 4028 loco
1141 3976 1246 4043 Hauck,
1268 3976 1409 4028 ‘Ks’rctcn-

289 4043 433 4108 ocsehicbte
450 4045 653 4098 Deutschlands’
672 4044 728 4111 III,
750 4063 780 4114 p.
799 4048 859 4101 314.
933 4047 960 4112 3)
981 4047 1092 4102 Sallust.
1113 4047 1191 4102 Catil.
1211 4062 1231 4102 e.
1252 4049 1283 4102 6:
1302 4045 1410 4100 sedibus

289 4113 400 4168 incertis
412 4114 591 4183 vagabantur.
658 4118 687 4184 4)
701 4117 742 4181 Cf.
754 4119 836 4181 infra-
845 4117 902 4183 III,
916 4119 965 4172 54:
985 4119 1074 4170 totum
1093 4117 1244 4172 exercitum
1262 4117 1409 4172 revocavit.

289 4186 317 4252 5)
344 4185 420 4238 Beda
443 4187 466 4252 I,
492 4201 512 4241 o.
533 4189 580 4242 15:
606 4186 675 4238 inito
695 4186 730 4239 ad
748 4191 857 4255 tempus
875 4185 986 4242 loedere
1009 4204 1073 4242 oum
1092 4186 1185 4244 Pictis.
1223 4189 1266 4254 Of.
1285 4189 1409 4256 Loppen-

288 4254 359 4323 bcrp,
381 4257 481 4312 ‘Gescb
501 4272 551 4310 con
568 4256 705 4323 Enpland'
725 4259 749 4324 I,
772 4275 801 4324 p.
819 4261 862 4324 70,
887 4275 914 4312 n.
933 4261 958 4314 4.
1428 4273 1459 4314 co
