3178 4880
610 293 840 350 PRAEFATIO.
1184 293 1286 349 XXIX

163 498 261 558 neqne
285 482 392 541 tomen
415 497 537 560 senmen
557 476 585 542 O
605 476 745 541 entibet:
767 478 850 542 urbs
866 478 924 560 qui
941 471 995 560 (q),
1013 476 1149 558 recipere
1165 477 1253 541 notni
1264 478 1283 556 1,

163 567 290 630 fluvius
321 566 412 648 quod
441 585 513 629 nero
542 587 580 630 en
609 566 642 628 A
672 572 702 630 et
728 564 757 630 Ο
782 564 981 630 scribendnm
1010 585 1075 630 esse
1105 565 1193 630 inni.
1240 567 1286 630 In

163 655 257 719 nebns
286 652 538 735 onttopropinicis
567 677 588 718 o
611 653 723 735 priore
753 653 888 718 editione
918 653 1085 718 rarissime
1114 654 1283 736 diqnessns,

158 744 345 824 pternmqne
368 742 435 806 Bl
461 749 490 807 et
517 741 545 808 Ο
571 749 693 808 seentns
715 765 804 824 snm,·
826 741 940 823 nbiqne
962 742 1096 824 scripsi:
1125 765 1282 827 namque,

132 856 145 896 s
163 837 351 915 tamquam,
372 853 545 915 umquam,
563 832 786 916 aliquamdiU,
805 833 964 916 dampno
982 832 1283 916 condempnemus

165 921 452 1004 contempnimus
487 924 631 1006 tempto
668 925 836 1006 sumptus
872 925 1052 1005 promptus
1082 927 1146 999 ete,
1183 923 1283 998 edm,

165 1011 254 1086 adm,
292 1011 380 1094 adp,
416 1011 504 1092 adq,
541 1011 622 1088 adt,
657 1011 739 1088 inb.,
775 1012 868 1085 inm,
904 1011 986 1094 inp,
1017 1009 1151 1091 exceptis
1182 1009 1286 1074 nentis

164 1099 309 1182 imperio
332 1104 362 1162 et
383 1099 600 1183 imperatore,
626 1099 714 1182 obp,
740 1099 822 1176 obt,
853 1099 977 1172 subo.²,
1003 1099 1112 1182 subp,
1144 1100 1227 1180 qnod
1248 1097 1285 1163 in

164 1193 295 1267 ntnoqne
322 1186 425 1251 codice
449 1188 643 1268 pternmqno,
667 1186 703 1252 in
726 1187 790 1250 Bl
816 1207 936 1267 semper
958 1187 1026 1265 fere
1056 1186 1190 1269 lepitnr,
1218 1186 1282 1250 Bl

119 1301 146 1340 ιο
165 1282 195 1340 et
222 1275 250 1340 0
271 1274 417 1340 exhibent
438 1276 605 1352 indutiae,
631 1278 757 1353 conti0,
783 1278 946 1354 convicia,
972 1277 1126 1352 deliciae,
1152 1283 1285 1340 ceternm

163 1385 236 1428 nero
259 1363 297 1428 in
319 1363 473 1429 einsmodi
495 1365 603 1445 nentis
621 1365 705 1430 inter
727 1387 759 1429 se
782 1365 873 1430 cotie
895 1364 1081 1429 discordant
1102 1385 1200 1446 neqne
1223 1364 1285 1429 sibi

163 1452 228 1534 ipsi
262 1474 382 1534 semper
412 1459 576 1534 constant·
611 1453 655 1518 O:
687 1455 806 1530 otium,
844 1455 1004 1538 pretium,
1040 1455 1193 1530 nuntius,
1229 1475 1284 1518 ne·

165 1543 308 1626 gotium,
334 1543 483 1620 initium,
513 1544 664 1620 audatie,
694 1544 829 1620 tertius
854 1543 987 1617 vitium,
1019 1543 1198 1626 palatium,
1229 1542 1284 1606 nbi

78 1635 82 1641 '
163 1629 198 1694 B
212 1639 245 1694 1:
271 1632 384 1696 ocium
406 1637 480 1712 etc.,·
503 1630 555 1696 nie
578 1631 692 1696 etiam:
715 1632 880 1708 amicicia,
898 1631 1062 1715 spacium,
1080 1632 1282 1715 hospicium,

119 1744 147 1784 ιδ
165 1721 351 1798 sentencia,
376 1726 504 1785 econtra
519 1741 609 1784 oeno:
634 1722 796 1797 conditio,
814 1720 949 1797 militia,
974 1719 1029 1784 nbi
1050 1717 1093 1784 0:
1116 1721 1282 1797 condicio,

164 1809 304 1874 milicia.
358 1809 404 1872 In
433 1809 493 1874 inco
517 1808 670 1874 varietate
703 1807 841 1874 maxime
876 1806 904 1873 O
936 1815 1057 1873 seontns
1090 1829 1160 1872 snm
1194 1815 1223 1872 et
1254 1811 1284 1873 ti

159 1897 311 1979 meetnti.
372 1897 404 1964 U
405 1897 496 1978 biqne
530 1898 598 1977 fene
633 1919 673 1962 ae
703 1904 733 1962 et
761 1920 801 1963 oe
831 1897 960 1978 scripsi,
991 1896 1137 1979 qnnmois
1166 1897 1284 1962 codices

165 2007 256 2067 saepe
286 2007 305 2052 e
330 2007 392 2068 pro
423 2009 462 2051 ae
493 1993 522 2051 et
551 2008 591 2052 oe
622 1986 810 2068 enteibeent,·
839 2009 899 2071 pre
929 2007 1001 2051 oeno
1031 1985 1170 2068 netinni,·
1199 2008 1217 2073 e
1246 1985 1284 2051 in

164 2075 286 2139 certis:
315 2097 411 2162 pene,
445 2077 567 2163 clatus
599 2077 788 2162 episcopeo,
821 2097 936 2159 equus
968 2077 1062 2162 varie
1091 2082 1146 2139 etc.
1181 2097 1219 2139 en
1249 2073 1282 2155 O,

118 2188 147 2228 eo
166 2185 282 2247 equus,
314 2165 461 2251 legatus
487 2165 606 2249 cocles.
631 2185 669 2229 en
691 2164 755 2228 Bl
782 2164 919 2246 necmere
943 2163 1040 2228 notni.
1089 2163 1139 2228 De
1167 2164 1284 2243 formis

165 2252 330 2317 nominnm
351 2253 559 2334 propriorem
587 2254 773 2335 pternmqne
807 2253 834 2318 0
863 2249 908 2331 (et
935 2252 969 2316 B
986 2252 1022 2333 2)
1053 2259 1175 2317 seentns
1203 2274 1282 2333 mnne,

164 2341 316 2422 qnonimn
339 2342 371 2404 A
394 2347 424 2406 et
444 2341 506 2405 Bl
534 2343 704 2408 seennctnm
726 2362 843 2406 monem
865 2363 995 2406 snornm
1024 2347 1195 2423 temporem
1224 2341 1283 2406 iens

164 2437 383 2512 mntonei·nnt,·
406 2433 462 2496 sed
479 2430 555 2511 qnin
579 2430 708 2496 librarii
730 2430 799 2494 Be
824 2451 943 2512 qnoqne
962 2437 991 2495 et
1014 2429 1041 2496 0
1061 2430 1097 2494 in
1120 2430 1283 2494 nominnm

163 2518 400 2584 scribendorum
436 2519 560 2584 notione
594 2519 722 2600 coepins
754 2519 887 2584 noniont
920 2525 1012 2600 otqne
1048 2524 1135 2584 tanto
1169 2518 1281 2601 inopis,

119 2632 145 2672 rs
163 2614 283 2688 qnonto
312 2607 349 2672 in
379 2608 543 2673 scribendo
565 2607 827 2690 propnedinntnr,
858 2609 997 2688 formem
1025 2608 1172 2689 optimam
1202 2613 1282 2671 oet·

163 2695 404 2778 stissimcmqne,
439 2717 534 2777 qnom
569 2696 725 2762 codicibus
758 2703 787 2760 et
817 2697 895 2762 otiis
924 2695 1060 2778 testibns,
1090 2695 1282 2776 praesentim

163 2785 349 2850 Annalibus
377 2785 617 2851 Corbeiensibns
640 2785 840 2866 componatis,
866 2785 973 2865 stntni,
1000 2785 1033 2848 in
1058 2790 1142 2848 tentn
1163 2805 1283 2866 semper

162 2873 307 2956 repetivi,
342 2874 456 2956 snbiqne
489 2874 557 2954 fene
590 2873 692 2956 iyitnr
725 2873 859 2954 scripsi:
893 2875 1013 2958 Huge,
1048 2875 1280 2950 Evurhardus,

162 2964 387 3042 Isilberhmm,
416 2963 678 3041 Wichmannus,
716 2964 901 3046 Sigifridus
936 2970 990 3026 ete.
1042 2961 1201 3026 Nnmeros
1235 2961 1282 3024 in-

116 3077 143 3118 m
161 3051 269 3116 venies
291 3051 431 3133 scriptos,
462 3051 544 3117 sient
565 3053 711 3134 tepnntnr
733 3052 771 3116 in
794 3050 960 3132 codicione,
988 3049 1102 3114 titteris
1125 3048 1282 3114 Romanis

161 3140 305 3222 conpressi
333 3146 390 3204 ont
417 3141 551 3206 nerbis3.
597 3141 708 3205 Etiam
739 3139 969 3205 distinctionem
1000 3138 1148 3220 codicnm,
1178 3140 1284 3220 ononi

160 3229 238 3309 sieri
261 3229 374 3310 potnit,
406 3237 435 3294 et
459 3229 597 3294 menime
621 3230 743 3295 litteras
766 3227 961 3294 moinccntos
991 3227 1028 3292 in
1054 3227 1282 3292 sententiornm

160 3317 269 3383 initiis
303 3319 439 3399 scriptos
472 3318 600 3384 netinni.
655 3318 720 3386 Ubi
752 3339 791 3383 en
823 3339 888 3382 nno
920 3317 1001 3383 libro
1034 3316 1150 3398 scripto
1182 3323 1282 3381 tentns

161 3407 361 3472 henriendns
383 3414 460 3489 enat,
492 3429 539 3472 en.
561 3429 611 3490 yn.
636 3408 666 3489 I,
691 3413 744 3470 22.
768 3414 797 3472 et
819 3406 857 3472 in
878 3405 1048 3487 indicibus,
1079 3406 1123 3470 ent
1145 3404 1282 3470 litteram

118 3519 143 3562 ss
161 3496 256 3560 tatem
285 3496 366 3578 nent,
397 3497 521 3578 qnotem
544 3498 676 3580 praebet
706 3499 809 3577 roden,
836 3495 930 3560 ‘onins
959 3494 1043 3560 ninii
1072 3493 1138 3558 nisi
1167 3494 1282 3558 menete

159 3583 336 3664 manifesto
359 3585 492 3650 conteni.

270 3675 315 3738 In
339 3673 597 3739 annotationibne
628 3673 805 3739 adimendis
834 3673 871 3738 to
899 3673 1036 3738 monime
1066 3669 1193 3737 consilii
1222 3669 1280 3752 epi,

160 3769 196 3826 nt
219 3758 358 3828 onctoris
381 3763 484 3842 fontes
507 3763 665 3844 offerrem,
683 3783 807 3827 errores
825 3761 1023 3844 corriperem,
1040 3781 1120 3842 qnae
1138 3758 1280 3839 tnonerit,

161 3853 363 3932 ostenderem,
388 3852 469 3916 iocos
492 3851 686 3917 obscnriones
709 3852 922 3933 enptoncnem,
947 3870 998 3914 nes
1011 3848 1239 3932 yeoynepnions
1254 3853 1283 3912 et

118 3965 144 4002 io
162 3939 399 4022 chronotoyicos
421 3939 626 4004 ittnstrnnem.
678 3941 788 4005 Mnito
812 3939 919 4021 cottepi
948 3940 985 4004 de
1009 3959 1149 4003 sermone
1171 3935 1282 4002 Wietn-

163 4133 189 4196 1)
211 4131 242 4186 P.
257 4133 300 4198 71,
321 4133 338 4186 i.
358 4134 381 4186 6.
402 4130 437 4183 ed
455 4129 592 4198 prefectos
611 4131 729 4196 urbium,
748 4130 796 4198 qui
813 4148 871 4183 cnm
890 4132 950 4187 Bl.
969 4133 994 4185 2.
1016 4131 1159 4197 Oscrepsi,
1178 4146 1237 4181 enm
1255 4131 1281 4181 A

163 4208 185 4253 et
202 4202 281 4257 Frnt.
301 4219 354 4270 que
369 4203 523 4270 praebeant.
561 4203 612 4254 Sed
631 4203 667 4254 nd
685 4201 830 4270 prefectos,
849 4218 903 4254 non
922 4204 959 4253 nd
977 4200 1087 4255 urbium
1108 4200 1215 4252 verbnm
1233 4198 1280 4266 qui

164 4275 264 4329 tratas.
339 4276 366 4341 2)
386 4275 436 4326 See
455 4273 592 4327 occubuit.
664 4273 693 4343 3)
712 4275 765 4328 En.
783 4289 825 4339 or.
842 4291 870 4342 p.
887 4275 931 4329 84.
