3168 4868
301 322 440 378 RERUM
458 318 670 376 GESTARUM
687 319 970 376 SAXONIOARUM
987 321 1061 376 LIB.
1078 321 1135 378 ΙΠ.
1226 327 1278 379 125

158 505 291 570 foribus
327 509 363 570 et
396 505 434 567 in
467 505 523 568 via
553 503 758 567 triformiter
788 503 1002 578 constitutis,
1035 505 1093 586 qui
1125 504 1276 569 divinam
1287 518 1348 570 968.

160 593 380 658 clementiam
415 593 600 657 laudarent
638 594 742 674 atque
780 592 1040 668 benedicerent;
1075 593 1151 675 ipsa
1184 594 1277 657 intra

160 683 341 746 ecclesiam
364 683 401 745 in
417 681 546 765 vigiliis
570 685 605 744 et
628 681 842 744 orationibus
859 700 1080 764 perseverans
1096 682 1276 745 missarum

159 771 364 854 sollempnia
409 770 624 853 expectabat.
692 769 827 832 Deinde
872 770 1025 833 infirmos
1069 770 1277 852 ubicumque

128 860 294 923 saudivit
323 860 360 923 in
391 860 505 923 vicino
535 858 703 934 visitavit,
738 859 931 921 necessaria
961 858 1115 940 prebuit;
1152 859 1277 923 deinde

159 947 370 1032 pauperibus
390 969 528 1011 manum
549 947 716 1030 porrexit;
742 947 866 1010 deinde
882 947 1045 1029 hospites,
1065 947 1125 1029 qui
1144 967 1278 1030 semper

160 1037 321 1112 aderant,
358 1057 435 1100 cum
471 1035 564 1099 omni
598 1034 761 1117 largitate
796 1036 962 1118 suscepit;
998 1036 1170 1098 neminem
1203 1037 1277 1100 sine

160 1125 271 1188 affatu
295 1125 423 1189 blando
447 1124 587 1200 dimisit,
612 1123 747 1186 nullum
770 1123 865 1188 ferea
890 1125 963 1188 sinc
986 1124 1199 1188 munusculis
1222 1125 1277 1188 vel

56 1233 139 1284 aare.
160 1212 378 1277 necessariis*
403 1213 611 1277 adiumentis
635 1233 782 1276 vacuum
811 1212 963 1294 reliquit.
1011 1212 1119 1296 Saepe
1142 1213 1277 1276 viatori·

116 1327 141 1366 ιο
160 1302 235 1376 bus,
260 1322 345 1384 quos
375 1301 512 1383 longius
542 1302 585 1364 de
615 1300 703 1364 cella
733 1302 916 1384 prospexit,
948 1301 1141 1365 necessaria
1169 1304 1276 1365 trans-

161 1390 265 1453 misit.
327 1390 425 1452 Talia
463 1410 567 1473 opera
604 1388 688 1452 licet
721 1388 821 1454 valde
856 1389 1040 1470 ¹humiliter
1079 1390 1199 1455 diebus
1237 1411 1277 1454 ao

160 1478 321 1542 noctibus
364 1481 553 1555 exerceret,
600 1481 718 1541 tamen
763 1478 872 1541 nichil
918 1480 961 1542 de
1007 1479 1136 1542 honore
1182 1479 1277 1563 regio

160 1567 356 1643 minuebat;
386 1569 422 1630 et
445 1567 535 1630 sicut
559 1566 724 1648 scriptum
749 1565 831 1641 estl,
857 1567 1012 1649 quamvis
1035 1567 1170 1630 sederet
1192 1569 1277 1629 tam·

160 1676 263 1738 quam
298 1648 437 1738 reginal
472 1655 716 1719 circumstante
751 1655 890 1738 populo,
921 1675 1054 1738 semper
1084 1659 1120 1718 et
1149 1654 1277 1738 ubique

116 1747 278 1808 atamen
303 1747 378 1808 erat
401 1744 629 1808 moerentium
653 1743 872 1807 consolatrix.
919 1743 1135 1807 Domesticos
1158 1764 1277 1809 omnes

159 1833 310 1896 famulos
341 1835 377 1896 et
411 1832 555 1896 ancillas
585 1832 688 1895 variis
723 1831 870 1907 artibus,
906 1832 1032 1895 litteris
1062 1852 1197 1914 quoque
1229 1833 1277 1894 in·

160 1922 292 1996 stituit;
324 1942 404 1983 nam
435 1924 471 1985 et
501 1921 576 2004 ipsa
606 1920 741 1984 litteras
770 1921 877 1997 novit,
908 1941 993 2003 quas
1023 1925 1101 2004 post
1131 1923 1277 1984 mortem

160 2010 251 2092 regis
274 2010 390 2074 lucide
413 2010 497 2073 satis
521 2009 644 2073 didicit
653 2010 674 2070 2.
722 2007 813 2091 Ergo
837 2010 866 2072 si
889 2029 1007 2074 omnes
1029 2010 1176 2073 virtutes
1204 2010 1277 2074 eius

159 2097 264 2162 velim
298 2119 455 2174 narrare,
491 2099 576 2162 hora
610 2097 788 2173 deficeret;
824 2097 989 2161 facundia
1024 2097 1187 2162 Homeri⁰
1221 2097 1277 2162 vel

115 2211 142 2250 so
160 2187 313 2251 Maronis
354 2181 482 2250 michid
522 2187 551 2250 si
592 2187 743 2262 adesset,
785 2207 855 2249 non
894 2186 1070 2251 sufficeret
1080 2186 1101 2248 ⁸.
1163 2184 1277 2270 Igitur

160 2274 264 2358 plena
287 2276 429 2352 dierum,
455 2275 558 2358 plena
581 2275 675 2338 omni
697 2276 837 2352 honore,
868 2275 971 2358 plena
994 2275 1154 2358 operibus
1178 2276 1277 2339 bonis

161 2368 197 2428 et
220 2363 449 2439 elemosinis⁰‚
475 2363 608 2449 cunetis
625 2363 755 2427 divitiis
770 2363 945 2446 regalibus
961 2364 1154 2428 distributis
1171 2366 1276 2428 servis

160 2453 229 2516 Dei
258 2456 294 2516 et
324 2453 460 2516 ancillis
490 2473 530 2516 ac
565 2452 783 2536 pauperibus,
819 2446 991 2518 secundos
1018 2453 1103 2516 Idus
1133 2454 1277 2517 Martias
1288 2478 1355 2520 aaa.
1363 2478 1395 2521 14.

161 2542 311 2604 animam
335 2540 474 2606 Christo
497 2541 684 2605 reddiditss.
738 2540 806 2605 Illo
831 2562 966 2625 quoque
996 2545 1150 2624 tempore
1175 2542 1277 2606 Bern-

115 2652 142 2692 εὖ
160 2631 300 2706 hardus,
322 2633 362 2692 ut
386 2630 429 2693 ab
453 2630 551 2694 omni
563 2629 691 2713 populo
707 2630 961 2713 predicabatur,
978 2631 1048 2692 suis
1063 2631 1277 2712 temporibus

160 2718 353 2782 sacerdotio
377 2718 607 2800 dignissimus,
631 2719 723 2782 diem
746 2711 884 2781 funxith
911 2721 1101 2782 extremum
1110 2718 1133 2780 ⁴¹.
1180 2719 1397 2790 Piammaas).

160 2807 290 2870 famam
321 2826 423 2890 super
453 2807 507 2870 his
537 2827 638 2870 nemo
667 2827 729 2869 nos
759 2808 933 2890 vituperet
962 2807 1162 2890 prodidisse,
1195 2807 1276 2870 dum

160 2888 249 2960 veri¹
287 2895 440 2978 periculo
473 2917 544 2959 nou
574 2895 842 2958 subcumbimus.
897 2895 1100 2958 Audivimus
1135 2895 1226 2960 enim
1257 2916 1277 2960 a

160 2984 310 3066 quodam
333 2984 497 3060 solitario,
521 2984 556 3046 in
581 2983 706 3066 spiritu
728 2984 844 3047 nescio
868 3003 912 3046 an
935 2983 1120 3047 manifesta
1134 2984 1275 3060 visione,

114 3095 141 3134 ao
160 3072 310 3136 animam
333 3073 473 3156 reginae
498 3075 533 3136 et
557 3072 708 3155 episcopi
737 3066 896 3134 infinitak
922 3071 1147 3136 multitudine
1177 3093 1276 3155 ange·

160 3160 272 3225 lorum
297 3181 375 3224 cum
398 3160 510 3242 gloria
532 3160 703 3225 ineffabili
727 3160 839 3224 caelos
862 3153 1015 3224 deferre¹
1046 3161 1182 3224 vidisse.

267 3249 433 3312 LXXV.¹¹¹
471 3249 587 3331 igitur
609 3250 796 3332 imperator
820 3249 940 3312 audita
962 3253 1072 3313 morte
1097 3249 1217 3314 matris
1242 3253 1277 3314 et

160 3337 224 3401 filii
259 3341 540 3420 caeterorumque
580 3338 821 3421 principalium
855 3338 1006 3401 virorum
1044 3372 1088 3380 —-
1126 3360 1207 3402 nam
1242 3342 1277 3402 et

160 3425 268 3504 Gero,
308 3427 360 3490 vir
398 3447 544 3509 magnus
582 3430 619 3490 et
656 3429 795 3509 potens,
834 3426 904 3490 iam
945 3429 1049 3491 antea
1090 3427 1277 3492 defunctus

113 3617 141 3657 tt
158 3615 182 3667 a)
195 3616 244 3656 sine
258 3617 396 3656 munusculis
410 3615 458 3656 lere
473 3616 519 3656 Bi.
574 3617 597 3663 b)
611 3616 673 3665 regio
686 3617 732 3659 Ba.
786 3618 806 3664 c)
820 3617 890 3656 omerl
904 3616 927 3657 0.
983 3615 1126 3667 d)nlch110.
1184 3620 1205 3664 e)
1220 3617 1277 3656 elee-

158 3671 257 3720 mosynis
275 3670 324 3712 Ba.
391 3671 409 3719 η
426 3670 456 3712 Π.
474 3669 498 3708 lu
516 3668 538 3712 C.
556 3670 705 3720 (maman).
770 3669 794 3720 g)
813 3667 897 3709 redidlt
915 3671 939 3710 G.
1008 3670 1031 3717 h)
1049 3671 1080 3710 stc
1094 3672 1125 3711 0!
1141 3669 1215 3709 flnlult
1229 3670 1278 3712 132.

158 3721 176 3772 i)
194 3733 249 3762 uero
263 3723 312 3764 Ba.
374 3721 399 3772 k)
417 3725 448 3762 sic
461 3724 485 3765 0.
498 3723 572 3771 Saea·
586 3722 695 3762 lnflnltsm
710 3723 873 3762 multitudinem
887 3723 935 3762 Ba.
998 3722 1015 3773 l)
1033 3724 1064 3762 sic
1077 3724 1124 3765 Ba.
1138 3724 1167 3771 0,·
1181 3725 1204 3762 ln
1218 3723 1277 3762 celos

159 3775 243 3815 deterri
256 3776 326 3818 Saxo.
381 3773 411 3826 m)
425 3787 527 3814 numerum
540 3776 677 3814 desideratur
690 3776 751 3814 nullo
764 3777 836 3824 spatio
850 3780 938 3814 vacante
952 3777 976 3817 0.

159 3934 187 4003 1)
206 3935 253 3987 Iob
267 3937 311 4001 29,
323 3937 374 3990 25:
393 3950 510 4002 cumque
527 3933 651 3988 sederem
670 3935 745 4001 quasi
763 3951 820 4001 rex,
840 3935 1033 3987 circumstante
1052 3935 1182 4001 exercitu,
1201 3951 1277 4005 eram

95 4020 141 4059 so
158 4009 251 4058 tamen
270 4006 451 4058 moerentium
470 4005 633 4060 consolator.
723 4006 750 4074 2)
770 4007 832 4057 Vita
849 4005 957 4060 Malitia.
976 4011 1030 4060 ant.
1049 4022 1069 4060 c.
1090 4008 1105 4062 1
1124 4009 1187 4073 (rac.
1206 4021 1227 4060 c.
1246 4010 1276 4073 3)

159 4093 218 4128 eam
248 4077 352 4128 maus
381 4079 411 4128 ia
441 4077 560 4129 coenobio
586 4077 773 4128 Hcrvordasai
797 4078 919 4128 didicisse
949 4079 1041 4128 minus
1069 4085 1137 4130 recte
1165 4078 1277 4130 innuere

158 4149 271 4202 uidetur.
326 4150 353 4215 3)
375 4148 417 4211 Cf.
436 4149 468 4199 da
485 4148 531 4200 hoc
550 4148 603 4199 loco
616 4148 758 4212 Manilius,
775 4147 927 4213 Ptdoloyus
938 4147 972 4212 L,
991 4165 1018 4214 p.
1031 4150 1091 4203 370.
1143 4147 1171 4216 4)
1190 4150 1277 4200 Bern-

158 4219 264 4271 hardus
290 4221 425 4286 artocopus
448 4218 677 4270 Haltcrstatensis
703 4219 766 4271 obiit
792 4219 834 4270 die
857 4221 883 4274 3.
910 4218 1029 4284 (Necrol.
1057 4219 1224 4274 Halteraot.
1252 4225 1277 4272 a

158 4290 248 4344 Bran.
268 4295 291 4341 ct
309 4289 456 4344 ssietmar.
475 4289 516 4356 ΙΙ,
536 4292 584 4355 18)
602 4289 641 4341 vel
657 4291 682 4344 4.
701 4289 778 4344 Febr.
798 4291 858 4344 968.
