3132 4896
304 319 444 376 RERUM
463 316 673 373 GESTARUM
692 316 974 373 SAXONIGARUM
992 319 1065 376 LIB.
1085 318 1108 376 Ι.
1232 326 1267 378 13

151 503 284 568 caelum
316 522 434 567 secure
462 501 568 564 audet
596 500 776 583 inspicere,
807 502 925 564 nostro
956 503 1102 584 cogente
1131 503 1265 568 timore.

150 591 216 656 Sed
243 612 312 655 non
331 592 457 655 desunt
473 589 505 653 ei
520 588 696 672 pecuniae,
714 587 838 670 quibus
855 590 1094 653 conducantur
1108 592 1266 656 nationes

151 679 316 744 barbarae
326 679 347 756 1,
379 699 448 743 non
472 678 569 742 deest
591 676 743 739 militum
769 697 900 753 manus,
931 677 1014 742 licet
1042 678 1147 756 lassa;
1179 700 1266 763 quae

149 771 268 832 tamen
302 768 438 831 omniur
472 769 590 829 nostra
624 765 781 828 absentia
814 765 1106 849 redintegrantur.
1167 769 1266 834 Inde-

118 877 268 922 scorum
293 859 346 920 est
367 855 556 919 victoribus
579 853 679 917 victis
703 853 863 918 vincendi
885 854 1000 918 locum
1028 856 1120 920 dare.
1172 856 1265 920 Num

150 945 296 1027 singulis
333 943 477 1009 urbibus
515 935 807 1005 administrandal
845 943 1055 1007 sufficimus⁰
1094 946 1268 1028 presidia?

150 1033 196 1096 Et
220 1053 277 1098 eas
300 1053 417 1096 omnes
440 1031 624 1115 perdimus,
656 1031 739 1093 dum
761 1031 851 1094 imus
879 1034 914 1095 et
943 1033 1116 1109 redimus’.
1169 1034 1266 1098 Haec

150 1143 190 1186 eo
222 1121 473 1205 prosequente2
500 1119 634 1203 placuit
662 1118 845 1183 Thiadrioo
876 1120 1102 1203 omnibusque
1132 1118 1263 1206 gloria‘¹

148 1211 315 1274 victoriae
338 1209 447 1273 avidis
471 1227 607 1272 manere
623 1207 660 1269 in
677 1208 798 1270 castris
813 1210 849 1272 et
864 1209 1003 1274 mittere
1019 1211 1063 1272 ad
1080 1209 1265 1288 Saxones⁰‚

105 1323 131 1360 ιο
150 1299 209 1381 qui
232 1299 301 1362 iam
325 1298 408 1361 olim
431 1300 531 1361 erant
554 1295 740 1378 Thuringis
764 1297 922 1360 acerrimi
945 1298 1071 1374 hostes,
1103 1300 1266 1382 quatinus

150 1381 204 1451 eif
223 1390 338 1451 essent
359 1387 419 1448 ing
438 1385 582 1448 auxilio:
608 1385 636 1448 si
652 1385 792 1466 quidem
806 1385 986 1450 vincerent
1001 1381 1263 1450 Irminiridumh

149 1475 338 1559 urbemque
362 1477 534 1558 caperent
558 1477 684 1536 terram
710 1473 759 1536 eis
775 1473 811 1535 in
827 1473 1073 1556 possessionem
1090 1478 1265 1540 aeternam

148 1564 314 1628 traderet.
376 1563 526 1626 Saxones
560 1560 669 1624 nichil
704 1562 857 1625 cunctati
891 1581 1013 1626 novem
1049 1563 1153 1627 duces
1188 1583 1264 1626 cum

150 1652 296 1736 singulis
331 1650 471 1716 milibus
505 1649 656 1713 militum
692 1649 864 1713 destinare
894 1669 963 1713 non
995 1650 1167 1714 dubitant.
1221 1653 1266 1714 Et

103 1764 130 1804 u
148 1741 296 1822 ingressi
319 1741 423 1804 ducas
446 1739 482 1802 in
507 1741 629 1815 castra,
655 1737 784 1820 singuli
807 1758 884 1801 cum
909 1739 1063 1802 centenis
1085 1739 1264 1816 militibus,

149 1828 284 1911 reliqua
307 1827 531 1891 multitudine
555 1829 652 1890 extra
676 1830 788 1890 castra
804 1826 953 1903 dimissa,
973 1828 1129 1890 salutant
1144 1828 1266 1891 Thiad-

148 1918 259 1981 ricum
288 1917 400 1981 verbis
429 1916 591 2000 pacificis.
644 1908 763 1993 Quodi
794 1934 872 1978 cum
894 1915 1097 1979 Thiadricus
1124 1917 1267 1981 hilarior

149 2007 365 2088 suscepisset,
383 2004 512 2069 dextris
529 2004 619 2067 datis
635 2007 671 2066 et
689 2003 850 2086 acceptis,
872 2003 1006 2086 copiam
1023 1999 1127 2068 virisk
1146 2006 1267 2069 fandi³

150 2095 327 2158 concessit.
364 2095 412 2156 At
426 2092 495 2155 illi:
514 2091 697 2175 ‘Populus'‚
715 2093 823 2168 aiunt,
842 2091 1024 2156 ‘Saxonum
1041 2093 1106 2157 tibi
1122 2095 1266 2158 devotus

61 2206 68 2210 ·
102 2205 131 2244 20
150 2185 187 2247 et
209 2183 279 2246 tuis
302 2201 425 2266 parens
447 2181 601 2263 imperiis
624 2181 719 2244 misit
741 2200 803 2243 nos
827 2180 870 2243 ad
892 2183 943 2258 te3
965 2184 1000 2244 et
1016 2201 1095 2246 ecce
1111 2202 1266 2246 assumus

150 2271 264 2356 parati
288 2271 333 2335 ad
355 2290 455 2334 omne
479 2262 735 2352 quodcumquel
758 2268 849 2332 tibim
863 2269 1023 2333 voluntas
1047 2272 1264 2354 suggesserit,

149 2360 273 2443 parati,
298 2362 339 2422 ut
362 2362 424 2422 aut
446 2359 562 2422 hostes
585 2361 664 2420 tuos
679 2357 856 2420 vincamus
880 2360 950 2436 aut,
968 2359 997 2420 si
1011 2359 1155 2422 fortuna
1170 2359 1266 2423 aliud

149 2448 298 2525 iusserit,
323 2468 385 2530 pro
407 2451 443 2510 te
467 2447 663 2509 moriamur.
710 2445 825 2508 Aliam
849 2446 940 2509 enim
964 2467 1102 2510 causam
1131 2448 1263 2512 nullam

151 2536 343 2600 Saxonibus
367 2555 438 2599 esse
462 2535 558 2609 scias,
583 2534 670 2597 nisi¹¹
690 2534 825 2598 vincere
841 2534 930 2599 velle
946 2538 1008 2598 aut
1023 2537 1138 2600 certa⁴
1153 2537 1265 2602 vivere

102 2645 131 2686 sc
150 2624 255 2689 nolle.
308 2623 429 2706 Neque
460 2624 552 2687 enim
581 2622 729 2704 gratiam
760 2623 923 2686 maiorem
955 2624 1074 2688 amicis
1104 2626 1266 2689 exhibere

150 2733 346 2797 possumus,
386 2732 488 2794 quam
526 2713 567 2773 ut
605 2731 667 2793 pro
702 2711 751 2774 ais
788 2715 932 2776 mortem
972 2714 1265 2796 contempnamus.

150 2801 198 2864 Et
229 2805 270 2864 ut
303 2801 369 2864 hoo
404 2799 638 2884 experimento
673 2797 800 2876 discas,
836 2801 976 2864 omnino
1011 2801 1265 2865 desideramus.

151 2889 229 2953 Illis
264 2891 349 2954 haec
383 2888 606 2970 loquentibus
641 2887 757 2950 mirati
794 2890 875 2950 sunt
910 2889 1035 2952 Franci
1072 2891 1266 2972 prestantes

151 2997 293 3062 corpore
317 2980 352 3042 et
376 2977 490 3040 animo
510 2976 610 3051 viros,
635 2976 771 3038 mirati⁰
792 2983 873 3038 sunt
896 2980 932 3040 et
953 2997 1080 3040 novum
1097 2978 1264 3054 habitum,

102 3088 131 3129 so
152 3087 247 3131 arma
275 3086 410 3148 quoque
440 3069 475 3128 et
506 3063 669 3127 diffusosl'
696 3063 853 3147 scapulas
884 3065 1055 3128 caesaries>
1081 3068 1136 3129 et‘l
1164 3086 1267 3149 supra

151 3155 268 3219 omnia
290 3155 466 3236 ingentem
491 3152 597 3216 animi
621 3153 861 3216 constantiam.
906 3152 997 3216 Nam
1020 3154 1138 3217 vestiti
1168 3157 1266 3218 arant

151 3243 265 3326 sagis6
288 3247 323 3306 et
347 3240 471 3306 armati
494 3241 607 3324 longis
630 3241 758 3306 lanceis
783 3244 818 3305 et
841 3241 978 3305 subnixi
997 3241 1138 3306 stabant
1153 3244 1266 3327 parvis

151 3416 175 3462 a)
193 3415 268 3454 omnia
281 3425 323 3457 om.
337 3415 360 3458 0.
425 3412 447 3463 b)
466 3411 495 3452 ad
510 3410 658 3452 ministranda
671 3413 718 3452 Bl.
783 3411 803 3463 c)
822 3412 974 3453 sufficeremus
988 3414 1010 3456 G.
1073 3411 1097 3463 d)
1115 3415 1266 3466 glor-ia01323

153 3478 195 3510 om.
209 3467 273 3512 rrae,
331 3467 352 3518 e)
370 3477 474 3506 saxonem
490 3467 513 3505 0.
575 3463 643 3514 θεῖε
658 3467 705 3508 Β1.
764 3466 787 3516 g)
804 3467 829 3505 in
844 3477 884 3508 om.
899 3466 946 3506 Ba.
960 3467 1023 3510 Frut.
1083 3469 1107 3516 h)
1125 3469 1208 3508 richoo
1222 3469 1268 3508 loco

104 3525 132 3565 ³5
152 3521 217 3560 aium
231 3522 256 3563 Ο.
316 3521 332 3569 i)
351 3519 390 3566 φο
404 3519 481 3567 (Quos)
495 3519 522 3561 A.
582 3517 607 3568 k)
625 3519 679 3558 iuris
693 3520 721 3559 A.
783 3518 937 3568 l)quodB1.
998 3523 1028 3569 m)
1046 3521 1150 3560 uoluntas
1166 3521 1206 3560 tibi
1221 3523 1266 3561 132.

152 3576 176 3622 n)
193 3575 218 3613 nl
236 3575 263 3616 Δ.
332 3576 353 3621 o)
371 3573 568 3614 miradsuntom.
583 3572 635 3621 ΒΜ
654 3576 678 3612 et
694 3583 776 3612 novum
791 3573 1058 3615 submoneantur.
1125 3575 1148 3622 p)
1166 3575 1197 3612 sic
1215 3575 1267 3623 ΒΞς

152 3625 245 3667 diffusas
259 3627 361 3674 scapulas
375 3627 458 3666 cesarie
472 3626 524 3674 Bl;
542 3622 634 3664 diffusos
652 3626 749 3674 scapulis
764 3627 847 3666 cesule
862 3628 894 3674 Af
913 3624 1003 3666 diffusos
1019 3627 1112 3665 uuanda
1128 3638 1194 3665 manu
1212 3638 1268 3670 corr.

152 3678 244 3730 diffusas
258 3680 360 3729 scapulas
375 3681 458 3736 cesarie
473 3679 501 3727 0,·
515 3677 619 3716 diffusam
628 3679 724 3728 scapulis
734 3679 840 3718 cesariem
850 3679 923 3727 r'rut„·
937 3690 978 3728 per
991 3681 1092 3728 scapulas
1107 3679 1172 3728 longa
1186 3677 1269 3720 diffusa

152 3734 251 3773 caesano
265 3733 361 3775 cordia.
416 3731 439 3782 q)
454 3736 476 3770 et
489 3735 515 3770 ut
528 3743 546 3770 s.
562 3731 586 3772 0.

103 3874 132 3912 co
153 3857 179 3922 l)
201 3857 244 3920 Cf.
263 3871 351 3922 supra
371 3871 401 3921 p.
422 3858 463 3921 12,
490 3871 517 3910 a.
536 3856 562 3909 2.
650 3853 680 3923 2)
704 3854 797 3906 Nescio
816 3871 853 3906 an
873 3856 1011 3907 masiliam
1032 3854 1113 3906 buius
1133 3856 1219 3906 ‘aaut'
1238 3859 1268 3908 in

151 3931 265 3994 antiquo
284 3927 379 3991 sabulo
397 3927 427 3976 id
443 3927 604 3991 mostomii,
624 3930 655 3975 ut
667 3925 786 3977 Senones
804 3927 841 3976 ad
859 3926 995 3977 currilium
1006 3931 1180 3987 sacrantem
1199 3929 1269 3994 quod

157 3997 341 4049 Wsdulciadus
353 3999 478 4050 omacrit.
532 3995 561 4062 3)
572 3996 670 4060 Veryil,
680 3997 746 4048 Aen.
756 3996 779 4063 Ι,
790 4014 812 4050 v.
823 3999 883 4050 520.
896 4001 919 4046 et
931 3996 985 4062 XI,
998 4019 1020 4052 v.
1031 3999 1099 4051 248:
1112 3995 1177 4049 data
1190 3997 1268 4064 copia

151 4066 236 4122 fandi.
300 4067 330 4134 4)
344 4067 385 4130 Cf.
397 4082 485 4134 supra
496 4081 526 4133 p.
541 4068 566 4132 6,
582 4066 599 4119 l,
614 4069 655 4120 13.
723 4065 750 4134 5)
763 4067 868 4118 Franci
878 4068 1005 4134 capillum
1018 4069 1132 4120 recidere
1144 4069 1267 4122 colebant.

151 4142 177 4206 6)
196 4141 219 4193 I.
234 4155 254 4196 c.
268 4137 382 4189 vendas
394 4137 470 4188 lineis
483 4137 543 4188 bac
554 4137 590 4187 ad
601 4137 682 4202 pedes
693 4136 867 4200 defluentibus
874 4153 886 4200 ,²
904 4140 936 4202 cf.
957 4137 987 4191 U.
1001 4135 1048 4192 I‘lr.
1061 4138 1152 4205 Kopp,
1165 4139 1270 4190 ‘Bilder

103 4225 132 4265 45
149 4211 206 4262 med
223 4207 371 4271 Solmistcn’
385 4207 409 4272 Ι,
422 4229 451 4276 p.
466 4210 507 4262 75.
542 4206 663 4258 Ecomra
680 4208 759 4272 infra
777 4207 816 4272 II,
831 4211 855 4262 1,
875 4206 967 4262 onor.
987 4211 1017 4260 ia
1035 4209 1177 4272 festivitate
1195 4225 1270 4262 coro-

148 4281 270 4334 nationis
288 4277 383 4329 tunica
400 4277 494 4330 stricta
512 4293 589 4330 mora
606 4275 778 4330 Francorum
796 4279 907 4330 indutus
925 4278 1010 4343 subsc
1027 4279 1133 4333 ἀΐσθων.
