3190 4868
300 313 441 369 RERUM
458 313 671 369 GESTARUM
689 313 972 368 SAXONIOARUM
990 313 1062 368 LIB.
1080 313 1137 370 ΙΠ.
1226 316 1278 370 123

268 497 332 561 His
355 497 483 561 litteris
506 496 605 562 lectis
628 497 664 560 in
689 500 861 561 conventu
885 495 1026 580 populi1
1049 497 1086 559 in
1112 495 1188 560 loco
1218 495 1277 578 qui
1287 506 1349 560 968.

160 587 289 650 dicitur
313 586 432 650 Werla
468 606 581 650 coram
612 587 825 669 principibus
856 589 891 650 et
925 585 1122 666 frequentia
1155 584 1276 668 plebis,

159 676 270 739 visum
301 678 353 739 est
388 695 504 757 pacem
541 675 608 737 iam
644 675 762 738 datam
792 675 948 738 Redariis
983 677 1140 756 oportere
1175 675 1276 749 stare,

160 784 200 828 eo
235 765 326 846 quod
361 767 446 827 tunc
481 763 610 826 bellum
647 764 849 828 adversuma
884 763 1000 825 Danos
1034 767 1174 844 urgeret
1185 762 1205 838 ²,
1242 765 1277 824 et

127 852 239 935 aquia
264 852 382 936 copiae
406 853 520 915 minus
543 852 745 916 sufficerent
768 852 812 914 ad
836 853 905 914 duo
929 851 1022 914 bella
1045 851 1175 934 pariter
1202 871 1277 914 con-

159 941 315 1005 ficienda.
463 1017 465 1020 Ι

267 1029 394 1093 LXXI.
442 1027 650 1092 Graecorum
681 1029 799 1109 itaque
829 1029 954 1111 legatis
976 1028 1163 1110 imperator
1193 1027 1276 1090 satis
1287 1035 1347 1088 969.

160 1119 302 1182 credens
332 1111 486 1201 partemb
515 1119 685 1182 exercitus
715 1138 793 1181 cum
825 1116 995 1201 plerisque
1028 1116 1277 1200 principalibus

158 1207 241 1270 viris
265 1207 391 1270 direxit
415 1207 459 1270 ad
483 1206 681 1270 condictum
705 1207 829 1284 locum,
858 1226 925 1288 quo
956 1206 1004 1269 eis
1035 1210 1151 1268 secus⁰
1181 1225 1277 1289 spon-

114 1296 290 1360 maionem
325 1290 541 1377 legatorumd
574 1295 693 1378 puella
726 1295 923 1358 traderetur
958 1296 993 1358 et
1032 1315 1109 1356 cum
1148 1294 1278 1356 honore

159 1384 232 1447 filio
256 1385 496 1448 adduceretur.
544 1383 669 1448 Graeci
691 1405 771 1448 vero
796 1385 839 1446 ad
871 1387 962 1446 artes
992 1386 1173 1465 paternas⁰
1202 1402 1277 1445 oon-

159 1473 316 1536 versi-
339 1493 417 1535 nam
444 1475 543 1536 erant
567 1473 609 1535 ab
634 1473 773 1537 exordio
796 1472 870 1536 fere
900 1472 1021 1533 mundi
1051 1471 1276 1554 plurimarum

159 1561 316 1643 gentium
352 1553 491 1634 domini
532 1563 568 1624 et
601 1581 686 1643 quos
721 1562 849 1624 virtute
884 1560 1084 1641 nequibant,
1120 1551 1275 1622 artibusf

160 1649 393 1732 superabant³
422 1685 466 1692 -
496 1650 611 1714 subito
642 1655 766 1732 superg
798 1648 989 1732 inprovisos
1019 1651 1054 1712 et
1084 1647 1192 1710 nichil
1223 1648 1278 1710 ad-

114 1740 250 1803 reversi
273 1739 486 1822 suspicantes
510 1738 677 1813 irruunt4
704 1741 817 1802 castra
841 1737 1018 1820 diripiunt
1050 1736 1166 1837 plures
1193 1735 1278 1799 occi-

160 1828 259 1903 dunt,
284 1827 400 1910 plures
425 1827 575 1910 capiunt
600 1847 684 1909 quos
709 1830 744 1890 et
769 1825 1145 1908 Constantinopolim
1136 1845 1278 1906 1mpera-

159 1917 228 1980 tori
274 1909 357 1978 suoh
399 1919 609 1998 presentant
680 1914 748 1993 Qui
785 1936 865 1980 vero
907 1915 1059 1998 effugere
1105 1915 1276 2006 poterant,

157 2005 286 2070 reversi
309 2005 353 2068 ad
376 2005 620 2087 imperatorem
643 2024 731 2090 quae
754 2005 832 2068 acta
854 2006 936 2066 sunt
959 1995 1188 2066 nuntiant&
1150 2002 1179 2040 ·⁵

268 2092 415 2155 LXXII.
478 2095 525 2156 At
568 2093 628 2155 ille
666 2113 769 2176 super
807 2093 861 2156 his
900 2095 1090 2155 commotus
1129 2092 1172 2154 ad
1212 2092 1383 2164 bocauna)

48 2233 49 2236 ,
115 2203 142 2241 so
160 2183 310 2246 dedecus
342 2181 544 2246 diluendum
577 2202 654 2245 cum
686 2182 782 2263 gravi
816 2202 923 2243 manu
952 2181 1041 2244 viros
1077 2180 1276 2257 eminentes,

161 2271 359 2335 domesticis
394 2273 429 2334 et
464 2271 614 2334 externis
648 2270 751 2334 rebus
780 2270 847 2333 iam
883 2289 984 2352 saepe
1015 2268 1124 2332 claros
1154 2269 1276 2345 factos,

162 2358 420 2424 Guntharium⁶
458 2363 493 2423 et
532 2353 792 2442 Sigifridumk·⁷
829 2359 940 2421 mittit
977 2359 1013 2420 in
1051 2357 1245 2422 Calabriam
1256 2357 1277 2418 ⁸.

162 2447 286 2512 Graeci
321 2450 436 2512 autem
472 2449 639 2530 preterita
668 2448 813 2512 victoria
848 2447 930 2512 elati
966 2451 1002 2510 et
1036 2448 1149 2509 minus
1184 2447 1278 2510 cauti

162 2537 361 2600 ceciderunt
384 2536 420 2600 in
445 2558 565 2600 manus
589 2557 723 2612 eorum;
749 2557 791 2601 ex
813 2537 938 2618 quibus
961 2537 1142 2599 innumera
1164 2535 1278 2597 multi-

115 2627 282 2690 uetudine
322 2645 429 2701 caesa,
465 2646 549 2708 quos
584 2619 804 2708 supererant¹
843 2626 1025 2708 capientes,
1062 2624 1278 2687 obtruncatis

160 2714 302 2777 naribus
325 2735 449 2777 novam
472 2714 616 2777 Romam
640 2734 791 2778 remeare
815 2715 1053 2796 permiserunt.
1095 2712 1276 2774 Tributurn

159 2803 196 2866 in
227 2802 387 2866 Calabria
421 2807 457 2867 et
488 2803 685 2886 Apuliama
716 2801 856 2866 Graecis
886 2804 1112 2876 extorserunt,
1145 2799 1277 2882 talique

160 2973 182 3024 a)
200 2975 231 3013 elo
249 2976 269 3014 B
281 2977 299 3016 1.
318 2975 338 3014 2.
359 2976 381 3018 0.
400 2976 467 3014 Sauo.
547 2975 571 3022 b)
589 2975 620 3012 sic
637 2978 656 3012 at
674 2975 757 3022 sigub„-
775 2985 817 3022 par
833 2975 982 3022 (cinamomo
1002 2976 1021 3011 et
1039 2973 1209 3022 abbreulallmrc)
1228 2973 1277 3014 Bi.

161 3030 182 3076 e)
196 3039 260 3066 secus
275 3039 315 3070 om.
330 3029 354 3068 G.
416 3027 439 3073 d)
454 3028 533 3076 legatis
548 3029 595 3066 Bl.
657 3031 678 3075 e)
693 3029 775 3076 primas
789 3027 812 3069 0.
874 3027 1014 3075 nartem.
1077 3029 1100 3075 g)
1114 3036 1237 3074 superma.
1254 3025 1277 3067 O.

115 3082 142 3122 90
161 3081 185 3131 h)
199 3093 238 3120 suo
254 3092 296 3120 om.
312 3083 334 3123 0.
402 3083 418 3129 i)
432 3083 462 3120 sla
476 3082 505 3130 G,·
520 3083 656 3120 nunciabant
669 3082 716 3120 Β1.
731 3081 751 3122 2.
814 3079 838 3130 k)
851 3081 882 3118 sla
895 3080 943 3122 Bl,
958 3081 977 3122 2.
992 3080 1124 3127 ΤΙιίεέηιαν.)
1138 3079 1240 3118 sifridum
1255 3079 1277 3120 G.

160 3134 177 3186 l)
190 3139 298 3184 superant
311 3135 357 3178 Β1.
411 3135 441 3185 m)
456 3135 553 3184 Appulia
567 3135 615 3173 132.

162 3276 189 3342 1)
214 3275 256 3338 Of.
278 3292 365 3342 supra
385 3294 414 3344 p.
434 3279 478 3342 62,
497 3276 514 3330 l.
535 3279 578 3331 14:
609 3275 768 3328 universalis
787 3276 882 3344 populi
901 3275 1063 3342 conventi03
1085 3292 1113 3342 p.
1133 3277 1177 3340 95,
1197 3275 1214 3328 l.
1235 3277 1276 3328 13.
1336 3277 1337 3280 ’

158 3363 186 3414 p.
209 3349 267 3409 100,
291 3347 308 3401 l.
326 3349 376 3401 30:
399 3346 559 3398 universalis
577 3347 672 3415 populi
690 3353 854 3414 conventum
875 3364 905 3414 p.
925 3349 985 3411 104,
1008 3348 1026 3400 l.
1047 3349 1095 3401 16:
1119 3344 1277 3398 universalis

161 3421 311 3470 conventus
334 3417 437 3485 populi.
483 3418 584 3470 Nodum
611 3419 653 3469 die
676 3418 866 3470 Hildluurdus
893 3421 1028 3486 episcopus
1051 3417 1278 3470 Hulbarslulmsis

114 3504 142 3544 ns
160 3489 265 3539 uideam
289 3503 342 3540 essa
366 3491 539 3551 conclama&
563 3489 662 3540 Hauclc
680 3490 737 3554 III,
760 3509 789 3558 p.
809 3493 868 3557 125,
893 3507 920 3545 a.
939 3493 964 3544 4.
1055 3490 1083 3556 2)
1109 3489 1150 3553 Of.
1171 3488 1277 3554 mund,

160 3559 395 3624 ‘Forscbunpeua
408 3561 443 3614 D
459 3560 559 3612 Gmct!
572 3560 623 3625 XI,
637 3577 667 3626 p.
681 3563 742 3616 565
813 3562 840 3629 3)
860 3561 960 3612 Eadem
978 3562 1082 3612 rollone
1098 3559 1278 3610 Widulciadus

160 3633 268 3696 saepius
292 3631 373 3682 cerba
397 3633 484 3682 verbis
509 3637 655 3697 comparat.
698 3633 738 3683 Da
756 3632 872 3698 Simsou,
892 3633 936 3686 N.
954 3631 1062 3684 Archia’
1081 3630 1146 3696 XV,
1166 3646 1196 3710 p
1215 3632 1276 3684 575.

159 3701 189 3770 4)
216 3701 258 3765 Cf.
284 3717 370 3769 supra
392 3719 422 3768 p
447 3705 488 3768 16,
516 3703 532 3755 l.
554 3704 589 3756 28
604 3719 660 3769 su:
687 3699 828 3755 Irruamus
853 3702 937 3770 igitur
964 3719 1045 3769 super
1073 3701 1224 3781 inprovisos
1249 3703 1278 3752 et

160 3787 256 3824 somno
282 3773 370 3839 sepult
372 3788 413 3837 0s;
435 3790 464 3840 p.
485 3775 528 3836 59,
549 3774 567 3826 l.
587 3777 671 3839 3qu
695 3790 776 3840 super
801 3774 953 3841 inprovisos
978 3789 1010 3826 ac
1035 3771 1139 3824 recenti
1163 3769 1278 3822 victoria

112 3859 270 3898 assecures
295 3842 384 3894 subito
356 3812 496 3897 tirruit.
605 3846 632 3910 5)
660 3845 749 3895 Aliter
773 3861 804 3896 aa
828 3848 925 3896 rectius
950 3845 1048 3898 &arou
1075 3843 1153 3894 Sala
1154 3845 1279 3893 uacuum

160 3929 181 3967 a.
210 3916 259 3967 171
276 3930 340 3980 sqq,
365 3913 413 3968 SS.
439 3914 494 3980 III,
520 3931 549 3980 p.
569 3917 630 3981 554,
656 3914 706 3966 aas
730 3931 773 3966 rea
797 3917 891 3969 tradit.
934 3916 1040 3966 Iuccmu
1065 3916 1160 3965 iterum
1185 3928 1277 3964 aarum

159 3985 321 4037 Italicarum
344 3987 422 4050 fama
448 3985 584 4038 Cordalum
611 3991 726 4039 acuerat.
774 3986 815 4050 Cf.
842 3986 981 4037 Dr'lmmlar
1000 4002 1030 4052 p.
1049 3987 1102 4038 464
1113 4000 1167 4050 sqq.
1176 4000 1188 4046 ,·
1213 3983 1276 4048 Rep.

160 4056 228 4123 Imp.
243 4055 281 4119 II,
295 4071 339 4109 nr.
352 4058 402 4110 501
410 4072 435 4110 a.
508 4055 535 4125 6)
552 4056 735 4109 Marabiouam
751 4059 782 4121 (†
796 4059 869 4122 982),
886 4057 917 4107 da
932 4073 983 4123 quc
998 4057 1055 4108 alda
1067 4056 1155 4120 Posse,
1172 4054 1278 4105 ‘Marla-

158 4127 258 4192 prufeu
269 4142 319 4178 voa
329 4127 449 4180 Momm
458 4145 487 4195 p.
501 4129 597 4182 8-10.
626 4128 754 4180 Ccaomm
766 4130 884 4180 comitem
896 4129 1111 4180 Alamannorum
1123 4126 1278 4177 Saxonum-

112 4212 141 4252 45
160 4212 209 4264 qua
233 4204 362 4250 numeral
388 4198 486 4256 curm,
511 4199 617 4252 Sala-u.
642 4214 663 4250 c.
686 4203 743 4253 173.
835 4199 862 4268 7)
887 4198 1012 4250 Fortasse
1036 4201 1153 4250 comilmn
1179 4197 1277 4248 Marse-

160 4266 321 4334 buryausmn,
346 4271 395 4335 qui
418 4270 448 4320 ia
472 4270 661 4336 diplomatibus
685 4287 702 4321 u
731 4272 884 4325 961-989.
909 4273 1034 4324 occurrit.
1136 4267 1164 4333 8)
1193 4268 1278 4319 Immo

159 4341 190 4388 ia
207 4339 336 4405 Apuliam
343 4356 355 4402 ,·
369 4355 455 4407 propa
472 4341 603 4391 Asculum
620 4343 749 4392 ciuitatem
762 4345 914 4406 pupnalum
932 4346 976 4394 est.
