3196 4880
368 325 401 378 66
816 271 1036 373 WquKINDI

293 513 356 571 938.
366 508 436 569 tem
462 504 601 568 avidum
625 522 761 585 pugnae
786 504 821 565 et
836 501 943 585 preda
957 500 1073 563 urbisa
1094 500 1243 564 ditatum
1258 499 1296 562 in
1312 493 1473 563 haral-1.
1577 491 1578 568 l

367 593 427 655 Illi
462 597 577 655 autem
612 591 707 655 urbis
742 591 897 675 prefecto
932 592 1072 653 auctore
1101 589 1227 653 aeriter
1260 589 1472 654 resistentes⁰

366 681 499 765 lapides
545 679 728 764 lapidibus,
775 679 847 743 tela
884 678 964 742 telis
1003 678 1138 742 obicere
1176 698 1246 740 non
1286 677 1475 753 cessabant3
1577 683 1578 742 ξ

366 769 612 853 aggravatique
644 767 735 832 bello
765 787 869 851 super
898 761 1078 830 consulto‘1
1106 766 1225 830 ducis²
1247 766 1398 829 indutias
1429 767 1477 829 de·

366 861 522 943 poscunt.
570 856 703 935 Quibus
731 855 919 920 concessise
948 856 1044 918 ducis
1073 855 1121 919 eis
1148 848 1356 938 presidiumf
1383 874 1504 937 nega-u
1577 855 1578 912 l

364 951 457 1010 turss.
497 946 598 1010 Unde
621 945 706 1009 urbe
732 945 859 1070 egressi
881 944 1048 1027 potestati
1071 964 1107 1007 se
1123 943 1237 1026 regiae
1253 943 1476 1007 tradiderunt.

365 1028 436 1098 Fla¹1
463 1055 580 1118 pugna
609 1034 751 1096 Tamma
799 1035 971 1117 pineerna¹
1008 1032 1127 1095 multis
1158 1031 1235 1096 aliis
1264 1031 1367 1096 rebus
1396 1031 1477 1096 bene

364 1123 470 1206 gestis
505 1123 588 1186 olim
621 1122 785 1198 famosus,
819 1122 933 1186 iaetus
969 1123 1021 1186 est
1056 1121 1179 1185 clarus.
1235 1113 1475 1184 Evurhsrdusk

364 1215 481 1276 autem
505 1212 648 1276 audiens
673 1212 715 1275 de
737 1231 822 1275 nece
837 1211 1044 1274 Thanemari
1068 1214 1103 1273 et
1128 1209 1322 1274 deiectione
1343 1230 1477 1274 suorum

365 1300 525 1377 militum,
549 1299 683 1363 fractus
707 1300 822 1363 animo
845 1300 1075 1383 prosternitur
1098 1299 1233 1382 captivo
1250 1319 1322 1375 suo,
1347 1299 1476 1363 veniam
1493 1318 1513 1355 ιο

363 1389 452 1472 petit
476 1409 515 1452 ae
540 1388 698 1470 nequiter
721 1391 945 1471 promeretur.
1576 1399 1578 1408 “

470 1505 573 1576 XII.l
627 1512 812 1576 Heinrious
847 1514 964 1575 autem
995 1514 1093 1575 eratm
1124 1531 1164 1575 eo
1194 1513 1349 1594 tempore
1380 1511 1476 1574 nimis
1576 1511 1578 1560 l

363 1600 562 1665 adolescens
572 1600 592 1679 ³,
624 1600 783 1665 ferrensn
811 1600 941 1676 animo;
973 1603 1007 1664 et
1031 1599 1138 1662 nimia
1161 1600 1329 1683 regnandi
1354 1600 1476 1683 eupidi-

362 1689 459 1754 tate4
480 1689 618 1754 illectus
642 1710 682 1754 eo
706 1693 808 1773 pacto
832 1689 973 1752 erimine
997 1688 1100 1752 solvit
1124 1686 1211 1765 eum,
1237 1709 1304 1771 quo
1329 1689 1476 1752 coniura-

362 1777 457 1841 tione
481 1798 596 1842 seoum
620 1778 716 1842 facta
740 1781 862 1842 contra
883 1797 999 1861 regem
1024 1777 1202 1840 dominum
1232 1797 1329 1840 suum
1357 1781 1392 1841 et
1414 1777 1475 1840 tra-
1491 1795 1511 1834 a

361 1867 450 1929 trem
479 1866 545 1930 sibi
572 1867 671 1949 regni
696 1866 863 1940 diadema.
896 1867 925 1928 si
947 1864 1110 1948 possibile
1133 1866 1233 1942 foret,
1265 1864 1474 1949 inponeret⁵.

361 1953 496 2017 Foedus
519 1955 638 2037 itaque
661 1956 807 2019 invicem
832 1975 1046 2038 percussum;
1071 1954 1151 2019 inde
1168 1954 1361 2019 liberaliter
1375 1955 1474 2020 Hein-

361 2042 453 2105 rieus
477 2042 521 2106 ad
545 2063 661 2126 regem
685 2063 841 2108 reversus
864 2043 996 2127 puriori
1018 2043 1086 2107 fide
1118 2063 1157 2107 ao
1188 2043 1333 2107 caritate
1364 2044 1406 2108 ab
1438 2063 1473 2108 eo

361 2132 413 2193 est
437 2135 617 2214 susceptus
640 2153 742 2214 quam
765 2133 949 2214 ingressus.

466 2249 591 2318 XIII.l
636 2255 802 2320 Suasione
831 2275 966 2339 quoque
1000 2255 1122 2339 optimi
1156 2255 1313 2339 inprimis
1348 2257 1413 2320 viri
1442 2257 1473 2319 et
1488 2275 1509 2314 u

360 2343 455 2405 omni
478 2343 644 2426 religione
668 2344 900 2427 probatissimi
923 2344 1145 2422 Frithurioi⁰‚
1174 2345 1378 2408 successoris
1401 2343 1473 2408 Hil-

360 2430 534 2495 diberhtip
561 2432 811 2517 archiepiscopi
820 2432 841 2510 ⁶,
870 2433 1114 2497 lilvurhardusq
1141 2434 1229 2497 adiit
1251 2453 1378 2517 regem,
1402 2454 1473 2516 sup-

359 2518 439 2600 plex
462 2521 619 2584 veniaml
647 2521 811 2605 deposcit,
843 2541 878 2586 se
902 2541 1030 2604 suaque
1060 2522 1176 2586 omnia
1201 2522 1310 2606 ipsius
1334 2522 1473 2586 arbitrio

358 2609 509 2672 tradens.
555 2609 609 2674 Ne
632 2609 741 2693 igitur
763 2611 884 2692 ingens
908 2609 1019 2675 seelus
1035 2610 1292 2674 inemendatum
1311 2614 1470 2685 maneret,

358 2696 456 2777 quasi
485 2697 522 2759 in
551 2697 691 2761 exilium
715 2699 752 2760 in
782 2698 1042 2762 Hildinensem⁸
1070 2698 1257 2762 urbem⁷a
1287 2719 1369 2783 rege
1398 2699 1472 2763 diri·
1487 2715 1507 2756 a

357 2783 462 2865 gitur.
509 2785 577 2849 Sed
600 2807 670 2849 non
694 2789 773 2869 post
796 2786 944 2849 multum
972 2787 1135 2870 temporis
1165 2788 1202 2849 in
1232 2790 1382 2870 gratiam
1411 2787 1470 2870 ole-

356 2876 491 2936 menter
514 2874 682 2958 recipitur
704 2877 740 2938 et
762 2875 887 2938 honori
910 2875 1055 2957 pristino
1078 2875 1237 2940 redditur
1247 2876 1269 2938 ⁸.

355 3094 378 3146 a)
396 3096 458 3135 urbm
472 3097 493 3136 h.
509 3097 533 3146 l..
552 3108 594 3138 non
607 3099 703 3147 aequom
719 3098 790 3146 (urbia
808 3097 923 3151 prefecto),
941 3111 983 3139 om.
1002 3099 1029 3142 A.
1103 3099 1126 3150 b)
1143 3099 1235 3150 laresll)
1253 3103 1308 3150 1323
1328 3103 1392 3142 larun
1409 3102 1469 3142 swa.

356 3150 377 3194 o)
390 3148 518 3190 insistentes
532 3151 558 3192 A
619 3149 643 3200 d)
656 3152 757 3191 oonsulta
771 3152 818 3190 Bl.
878 3154 898 3200 e)
912 3153 1022 3192 consessit
1035 3153 1079 3195 82.
1137 3153 1155 3203 f)
1169 3164 1214 3192 non
1228 3157 1281 3196 aad.
1296 3156 1344 3199 ΒΞ.
1400 3158 1422 3204 g)
1435 3165 1469 3194 ns·

354 3202 418 3248 garrit
432 3202 455 3243 0.
508 3202 533 3249 h)
547 3209 571 3243 et
585 3205 608 3246 0.
663 3205 680 3251 i)
697 3205 728 3243 sic
742 3205 771 3250 G,·
787 3209 871 3244 tammo
884 3207 911 3247 A.
924 3205 972 3245 131.
988 3206 1062 3253 δυο,
1080 3207 1175 3246 Dammo
1188 3207 1235 3250 ΒΞ,
1289 3208 1315 3260 k)
1329 3206 1468 3249 Euerhtrdus
1483 3211 1504 3252 80

355 3254 383 3292 A.
397 3255 448 3302 Β2ς
462 3253 607 3296 Eberhardns
621 3257 684 3299 Fron.
697 3258 765 3300 Saso.
820 3258 836 3308 l)
850 3267 962 3296 numerum
977 3269 1018 3302 om.
1033 3259 1056 3301 0.
1106 3258 1137 3310 m)
1151 3264 1201 3299 erat
1214 3271 1257 3303 om.
1270 3262 1294 3301 0.
1350 3265 1374 3311 n)
1387 3263 1467 3302 fenam

355 3316 396 3347 om.
410 3306 458 3348 132.
512 3310 534 3355 o)
548 3310 579 3346 sic
592 3309 638 3351 Ba.
652 3310 682 3357 0.·
696 3308 796 3350 friderici
810 3310 837 3352 A.
846 3311 891 3352 Bl.
906 3312 973 3352 samo.
1027 3311 1051 3362 p)
1064 3313 1095 3351 sic
1109 3313 1138 3360 0,
1152 3311 1291 3354 hildeberhtl
1305 3316 1340 3364 A,·
1353 3314 1468 3355 Hildlbertl

354 3359 404 3410 1323
422 3357 544 3399 hildeberti
558 3361 626 3404 Saxo.
681 3361 704 3412 q)
717 3363 748 3402 sio
762 3364 792 3411 0‚·
805 3361 942 3403 eberhardus
957 3365 984 3406 A.
999 3365 1072 3413 Sam
1086 3364 1232 3405 uuernardus
1247 3367 1295 3409 ΒΞ.
1352 3372 1372 3418 r)
1386 3369 1468 3408 veniam

355 3422 396 3453 om.
409 3412 456 3454 138.
514 3411 535 3464 s)
548 3414 579 3452 alo
592 3415 638 3456 131.
654 3415 683 3462 0,·
696 3414 855 3456 Hildenensem
869 3417 920 3468 1323
936 3415 1130 3458 hildensheiffisem
1143 3422 1194 3467 (non
1208 3420 1426 3469 Hildeshamensam)
1439 3422 1468 3467 A.-

353 3464 591 3506 hildenesheimensem
605 3468 672 3510 Saxo.
1482 3475 1502 3517 δῦ

352 3642 380 3707 1)
409 3641 451 3706 Of.
478 3657 561 3709 supra
583 3660 613 3710 p.
633 3645 681 3708 64,
707 3644 723 3698 l.
743 3647 767 3700 6.
847 3645 874 3713 2)
900 3646 924 3698 I.
944 3662 964 3700 e.
983 3647 1086 3713 ducein,
1108 3649 1165 3701 scil.
1184 3647 1390 3716 Eberhardum,
1413 3665 1467 3703 oon·

351 3712 458 3767 ruituri.
486 3713 620 3768 PERTZ.
658 3715 702 3778 Of.
729 3714 824 3781 Kb'pke
845 3733 872 3782 p.
894 3718 959 3782 155;
986 3718 1134 3782 Dummler,
1161 3718 1230 3771 ‘Otto
1254 3721 1280 3774 d.
1302 3721 1360 3776 Gr]
1379 3738 1408 3788 p.
1428 3723 1465 3784 75,

350 3797 378 3834 n.
391 3786 416 3841 3.
471 3784 499 3852 3)
519 3783 665 3836 Heinrim
680 3787 751 3837 inter
767 3801 854 3837 annos
865 3789 925 3841 919.
939 3793 962 3838 et
975 3791 1035 3843 922.
1049 3796 1131 3840 natus
1145 3795 1208 3840 tune
1223 3791 1354 3843 decimum
1369 3799 1465 3844 smum

350 3853 391 3902 vel
406 3859 525 3906 mavum
544 3872 646 3907 annum
663 3855 765 3922 agebat.
820 3857 848 3923 4)
860 3857 902 3920 ΟΥ.
919 3860 997 3923 infra
1014 3862 1095 3926 pov,
1112 3861 1129 3913 l.
1140 3862 1187 3915 25:
1206 3859 1356 3915 Heinrious
1374 3861 1464 3916 ardens

350 3920 500 3987 eupiditate
517 3923 659 3993 regnandi.
741 3927 768 3992 5)
796 3925 955 3979 Heinrioum
973 3930 1008 3980 ab
1025 3929 1186 3983 Eberhardo
1203 3933 1341 3995 eductum
1359 3950 1411 3986 osse
1427 3947 1465 3984 re·
1478 3943 1499 3982 ιο

349 3993 442 4075 fanni
458 3992 587 4062 Erotem,
612 3997 691 4048 Gesta
716 4013 738 4050 v.
758 3999 811 4050 202
823 4014 887 4064 sqq„
912 4005 935 4050 et
953 3999 1125 4068 Liudprand.
1144 4001 1198 4067 IV,
1219 4006 1340 4060 21-23.
1377 4004 1464 4055 Widu-

349 4061 449 4112 andus
467 4063 567 4128 dipnus
584 4072 628 4132 est,
648 4083 724 4133 quem
741 4067 797 4118 illis
815 4069 1004 4132 anteferamus.
1086 4073 1113 4137 6)
1143 4074 1176 4126 A.
1196 4076 1354 4131 aes-954.
1378 4074 1463 4127 Heus·
1567 4095 1569 4142 J

349 4131 439 4182 ὂονίωε
460 4133 523 4184 obiit
548 4152 573 4189 a.
593 4140 654 4202 937,
673 4139 715 4189 die
733 4140 775 4191 31.
794 4137 868 4189 Maii
884 4143 989 4194 mmm.
1062 4142 1089 4210 7)
1117 4143 1157 4208 Os.
1178 4144 1253 4199 Cant.
1272 4146 1335 4210 Ray.
1361 4162 1386 4200 a.
1406 4146 1461 4210 938,
1567 4151 1568 4194 l

348 4200 365 4253 ι.
379 4201 395 4254 ι.
413 4219 440 4266 p.
455 4205 522 4258 mo:
538 4203 714 4259 uaeramus
726 4205 928 4261 erumnam
941 4210 969 4262 a
982 4211 1095 4264 exuam
1108 4212 1270 4272 aestuatur.
1319 4217 1349 4286 a)
1366 4218 1463 4269 uasa
1566 4195 1568 4297 l

347 4273 405 4335 fere
422 4272 502 4324 verbo
519 4276 597 4339 infra
612 4295 641 4344 p.
655 4280 698 4342 75,
718 4279 736 4330 l.
751 4280 784 4332 15
796 4294 834 4345 sq.
1475 4295 1497 4336 ⁴⁶

1565 4297 1567 4348 l

1564 4355 1567 4486 l
