3202 4874
350 316 488 410 RERUM
506 316 720 374 GESTARUM
737 317 1021 375 SAXONIOARUM
1038 319 1113 377 LIB.
1131 319 1187 378 111.
1294 325 1330 380 87

232 499 438 564 XXXVIII.
478 501 644 605 Liuiulfo
674 522 741 586 pax
772 503 884 580 datur,
917 506 953 568 et
983 524 1042 568 rex
1067 503 1250 568 Saxoniam
1281 526 1330 570 re·

208 676 438 742 xxxviiii.
477 593 663 743 iiiiii...
687 679 822 744 Novam
844 679 965 744 urbem
989 681 1085 745 adiit.

365 766 438 829 XL.
478 766 637 845 Qualiter
660 788 720 832 rex
743 767 853 830 filium
877 767 1065 834 elementer
1088 769 1242 853 suscipit.

172 876 187 914 a
344 854 438 918 XLI.
478 854 532 920 De
555 857 624 921 fine
647 857 820 940 pontilicis
844 855 1042 921 Frithurioi.

323 943 437 1006 XLII.
478 943 637 1022 Qualiter
659 944 743 1009 Uori
766 965 787 1008 a
810 943 946 1009 Gerone
969 945 1163 1029 capiuntur.

303 1031 438 1094 XLIII.
478 1033 636 1112 Qualiter
652 1033 867 1117 Reinesburg
890 1053 925 1098 se
948 1034 1066 1111 tradit,
1092 1037 1128 1099 et
1150 1035 1327 1119 regionem

475 1122 578 1185 fratri
600 1121 765 1186 restituit.

282 1208 438 1272 XLIIII.
477 1210 531 1275 ΒΘ
542 1210 682 1314 ‘faraone
700 1210 888 1293 triumpho,
908 1229 1010 1294 quam
1028 1230 1088 1275 rex
1107 1212 1150 1277 de
1166 1212 1327 1296 Ungariis

332 1385 437 1450 XLV.
477 1298 671 1471 {betffiretna
693 1387 870 1452 Thiadrioi
893 1389 1055 1454 adversus
1080 1388 1208 1452 Slavos.

311 1473 437 1538 XLVI.
477 1474 530 1540 De
554 1475 725 1559 portentis
748 1496 836 1559 quae
859 1477 997 1541 interim
1024 1477 1233 1542 aeciderunt.

289 1562 436 1626 XLVII.
475 1563 529 1629 De
552 1584 634 1628 casu
658 1562 809 1628 Conradi
832 1565 939 1629 ducis.

270 1650 435 1714 XLVIII.
476 1652 529 1717 Da
552 1653 664 1717 tribuo
688 1653 833 1717 ducibus
857 1654 1058 1717 Avarorum.

248 1739 437 1803 XLVIIII.
476 1740 530 1806 De
553 1741 730 1825 triumpho
754 1741 854 1824 regis.

398 1828 436 1892 L.
476 1829 529 1895 De
552 1850 633 1913 rege
658 1832 694 1893 et
717 1829 877 1894 versutiis
894 1829 1102 1893 Wiomanni.

378 1917 436 1979 LI.
476 1917 529 1983 ΒΘ
549 1918 712 1995 exercitu,
732 1917 792 1999 qui
808 1917 1052 1981 Wiomannum
1070 1938 1157 2002 pene
1175 1919 1267 2004 oepit
1289 1919 1326 1982 in

475 2007 559 2071 urbe
584 2006 839 2092 suitleiscare&

356 2093 436 2156 LII.
476 2094 655 2174 Quomodo
680 2098 782 2178 copta
806 2098 858 2159 est
882 2095 964 2159 urbs
981 2093 1325 2159 Oooaresoemiorum.

335 2181 434 2245 LIII.
474 2182 654 2287 quomodo
689 2183 785 2247 ultus
820 2187 872 2247 est
910 2203 970 2248 rex
1008 2183 1105 2247 illam
1144 2184 1327 2267 depopula-

315 2358 435 2422 LIIII.
473 2275 687 2426 Ilznlingrone
709 2361 854 2444 preside.

366 2447 436 2512 LV.
476 2448 529 2514 ΒΘ
564 2448 733 2513 Stoineffo
768 2449 992 2514 barbarorum
1026 2469 1107 2532 rege
1146 2452 1181 2513 et
1216 2449 1326 2514 milite

475 2538 534 2620 qui
558 2557 637 2602 eum
660 2537 797 2602 oceidit.

343 2625 434 2689 LVI.
474 2625 527 2690 De
561 2646 655 2710 rega,
692 2626 773 2707 quia
809 2627 936 2691 crebris
971 2625 1122 2690 victoriis
1157 2625 1326 2708 gloriosus

474 2715 589 2779 faetus
613 2717 675 2778 est.

323 2801 434 2865 LVII.
474 2803 540 2907 De·
562 2802 744 2880 hadulfo,
783 2803 864 2884 quia
902 2802 1016 2886 patria
1050 2802 1152 2866 oeooit
1186 2806 1326 2886 propter

304 2978 435 3046 LVIII.
474 2912 678 3045 Lngllitsteris
701 2979 836 3044 obitum
860 2979 933 3043 eius
956 2978 1242 3062 significantibus.

159 3086 188 3126 ao
283 3067 436 3131 LVIIII.
476 3068 529 3134 ΒΘ
553 3069 776 3171 VViomanno,
808 3067 867 3150 qui
898 3066 1081 3131 Saxoniam
1111 3067 1247 3132 oooulte
1276 3068 1338 3154 in?

363 3245 436 3309 LX.
473 3160 655 3324 t(lillglilrodo
679 3246 747 3309 fide
772 3242 916 3310 Geronis
947 3248 1127 3329 susceptus
1158 3247 1211 3310 est
1236 3243 1325 3309 Wie-

341 3422 434 3486 LXI.
474 3354 729 3526 Ergnffifigfis
764 3443 851 3505 quae
886 3425 1123 3506 apparuerunt
1156 3424 1193 3486 in
1224 3423 1325 3486 vesti-

321 3599 435 3663 LXII.
474 3515 754 3664 1Illinitrllirmitate
777 3598 1004 3683 imperatoria

301 3687 436 3752 LXIII.
475 3688 528 3754 ΒΘ
561 3688 776 3773 profectione
807 3687 960 3752 secunda
986 3687 1077 3770 regis
1107 3687 1141 3749 in
1173 3685 1324 3750 Italiam.

281 3775 435 3840 LXIIII.
475 3776 528 3842 De
545 3777 762 3853 Wiomanno,
786 3776 957 3859 quomodo
980 3775 1108 3839 iterum
1132 3773 1324 3839 rebellavit.

329 3865 435 3928 LXV.
474 3866 528 3931 De
551 3865 692 3969 Lenis,
731 3864 903 3948 quomodo
942 3862 1132 3928 Christiani
1172 3862 1325 3947 perfecte

311 4041 437 4106 LXVI.
474 3954 567 4108 {3310
585 3956 747 4127 sgliloter
787 4041 1020 4105 iuramentum
1066 4040 1197 4105 dimisit
1237 4039 1326 4103 Wio-
1383 4090 1386 4098 ,

474 4152 648 4196 mannum.

204 4304 229 4350 a)
243 4301 429 4344 nulrhlelroranne
443 4304 505 4352 lurra
519 4306 542 4343 ln
556 4315 573 4347 r.
587 4304 630 4344 LI.
643 4314 691 4343 cum
704 4303 783 4352 reliqui
796 4302 877 4342 oodiroe
890 4305 935 4340 rum
950 4303 973 4345 0.
