3196 4880
189 435 191 438 Α
302 368 441 424 RERUM
459 366 671 425 GESTARUM
690 369 972 427 SAXONIOARUM
991 372 1064 429 ΜΒ.
1082 373 1106 430 I.
1232 379 1266 433 41

144 552 278 616 carceri
299 553 461 630 traditur,
486 552 546 629 sed
569 552 619 617 ibi
642 573 663 616 a
685 553 835 618 Domino
859 557 894 619 et
917 556 1144 622 multitudine
1168 579 1267 641 ange-

143 640 261 706 lorum
283 641 454 704 visitatur.
501 641 679 706 Postremo
701 645 876 707 tormento
901 645 993 726 quod
1024 649 1157 710 catasta
1187 648 1266 712 dici·

143 733 203 792 tur
234 749 314 792 oum
336 729 495 794 Modesto
526 733 562 794 et
591 731 740 813 quadam
770 731 879 796 nobili
908 734 1039 798 femina
1070 734 1268 800 Crescentis

25 883 26 902 χ
143 819 267 901 figitur
290 821 327 882 et
348 819 468 882 fractis
489 819 649 884 omnibus
672 820 903 885 membrorum
924 821 1075 886 motibus
1091 844 1112 886 a
1128 823 1266 888 Christo

25 903 27 986 ξ
112 906 354 971 cconsolatur.
393 907 482 970 Nam
506 907 654 973 fulmine
679 909 766 973 caeli
788 912 938 974 tortores
953 913 1041 975 tacti
1057 917 1092 976 et
1107 913 1262 977 tonitrua

25 989 27 1082 ξ
142 996 283 1079 ingenti
312 997 486 1080 perterriti
510 996 553 1060 ab
585 1018 625 1061 eo
655 998 834 1080 fugantur.
887 999 1078 1083 Subitoque
1108 1007 1266 1085 repertus

25 1085 27 1170 )
142 1077 217 1148 estb
241 1085 299 1147 in⁰
320 1085 406 1163 loeo,
431 1084 492 1149 ubi
515 1085 610 1169 prius
634 1087 784 1151 orationi
803 1088 958 1166 vacabat,
984 1090 1108 1172 angelo
1124 1091 1267 1155 Domini

25 1179 26 1190 ¹
140 1171 192 1236 ibi
208 1194 290 1237 eum
306 1174 528 1252 restituente;
554 1177 589 1240 et
612 1174 737 1240 ultima
757 1177 913 1241 oratione
937 1178 1112 1242 celebrata
1135 1181 1266 1244 animas

143 1262 240 1326 caelo
277 1262 506 1327 tradiderunt.
570 1262 722 1347 Corpora
755 1267 835 1329 ¹vero
871 1265 1057 1344 Florentia,
1097 1269 1266 1352 quaedam

99 1373 124 1410 ιο
140 1350 291 1414 illustris
324 1351 456 1416 femina
466 1351 487 1429 1,
526 1355 639 1417 terrae
678 1354 823 1417 tradidit
860 1355 897 1417 in
937 1357 1057 1420 eodem
1095 1357 1172 1421 loco
1207 1359 1266 1440 qui

141 1439 274 1504 dicitur
296 1440 473 1504 Marianus
482 1442 503 1503 ².
542 1441 626 1505 Eius
650 1442 809 1505 ultimam
831 1444 1021 1508 orationem
1037 1448 1118 1510 tuae
1135 1446 1265 1529 gloriae

142 1529 338 1611 significare
361 1531 487 1605 curavi,
512 1525 574 1593 ut‘1
592 1531 673 1595 inde
690 1551 814 1608 sumas,
839 1553 907 1614 quo
923 1534 997 1596 eius
1013 1554 1128 1598 amore
1145 1536 1265 1599 ardeas

141 1621 176 1681 et
212 1618 335 1682 ardore
370 1619 478 1701 ipsius
516 1620 641 1684 amoris
680 1623 888 1704 perpetuum
926 1622 998 1686 eius
1033 1623 1264 1706 patrocinium

141 1706 316 1771 merearis.
384 1707 563 1786 ‘Domine',
602 1709 751 1792 inquit⁰‚
793 1709 883 1774 ‘Iesu
923 1709 1069 1788 Christe,
1109 1711 1159 1774 fili
1197 1711 1265 1776 Dei

100 1815 123 1854 a
140 1795 219 1874 vivi,
246 1797 372 1880 perfice
397 1791 627 1861 desideriumf
647 1798 759 1862 cordis
783 1795 923 1862 eorum*
947 1802 982 1864 et
1005 1799 1115 1864 libera
1139 1821 1196 1864 eos
1220 1801 1263 1864 ab

141 1885 303 1948 omnibus
332 1885 578 1968 inpedimentis
613 1886 716 1950 huius
746 1887 876 1950 saeculi
906 1891 941 1952 et
972 1889 1101 1972 perduc
1132 1909 1189 1954 eos
1220 1891 1264 1954 ad

141 1972 289 2055 gloriam
311 1977 419 2052 tuam,
443 1975 503 2058 qui
526 1996 588 2058 pro
612 1996 666 2040 me
689 1975 886 2057 glorificant
909 1979 945 2040 te
970 1979 1027 2040 etg
1048 1977 1171 2042 volunt
1194 1979 1263 2062 glo·

141 2061 224 2125 riari
247 2063 291 2126 de
315 2063 383 2127 mei
406 2064 562 2146 martyrii
585 2064 763 2148 passione’.
811 2065 912 2129 Hanc
936 2086 1054 2130 vocem
1078 2067 1262 2131 subsecuta

141 2154 193 2214 est
228 2145 389 2235 sponsioll
428 2152 565 2217 divinae
599 2153 834 2237 promissionis
868 2156 945 2218 rata
979 2158 1014 2220 et
1053 2157 1152 2219 firma
1190 2177 1262 2221 esse

27 2252 30 2269 ¹
100 2259 125 2298 ao
141 2241 258 2304 omnia
282 2261 370 2322 quae
393 2244 558 2324 rogasset.
593 2242 677 2307 Post
701 2242 812 2306 multa
827 2243 929 2308 vero3
944 2247 1101 2328 tempora
1117 2245 1262 2310 Romam

26 2364 30 2416 l
142 2330 283 2394 veniens
307 2330 447 2412 quidam
471 2323 659 2394 Fulradus¹
690 2331 849 2395 nomine4
873 2335 908 2396 et
937 2331 987 2396 ibi
1017 2337 1115 2416 gesta
1142 2334 1261 2418 legens

141 2419 289 2500 preciosi
322 2419 482 2502 martyris
516 2421 651 2484 notavit
688 2420 802 2484 locum
838 2421 996 2504 sepulcri.
1043 2422 1261 2506 Veniensque

27 2454 31 2583 l
141 2505 271 2572 levavit
293 2507 456 2590 reliquias
481 2529 593 2572 sacras
618 2511 653 2572 et
678 2504 882 2573 collocaritk
908 2530 965 2575 eas
988 2511 1025 2574 in
1055 2532 1143 2596 pago
1167 2512 1260 2576 Pari-

27 2588 32 2634 *
141 2595 243 2660 siaco.
281 2596 369 2660 Inde
392 2599 560 2680 regnante
575 2591 817 2662 Hluthowico¹
840 2599 1047 2682 imperatore
1070 2600 1260 2666 translatae

27 2742 31 2760 ,
100 2701 124 2740 2⁵
141 2688 222 2748 sunt
252 2685 290 2748 in
315 2684 507 2762 saxoniam,
540 2689 575 2750 et
599 2689 640 2750 ut
663 2685 799 2770 legatus
822 2687 945 2750 Karoli
968 2688 1145 2752 confessus
1176 2689 1259 2766 est⁵‚

142 2791 182 2836 ex
205 2775 272 2838 hoc
296 2794 350 2839 res
373 2775 584 2838 Francorum
608 2780 796 2858 coeperunt
826 2777 945 2854 minui,
977 2776 1151 2841 Saxonum
1179 2798 1260 2842 vero

253 2945 280 3033 a)
303 2957 413 3032 quiin
435 2959 491 3014 tuo
514 2959 643 3016 nomine
665 2959 779 3016 volunt
801 2959 927 3034 gloriari
955 2959 993 3016 de
1024 2959 1087 3016 mei
1116 2961 1260 3034 martyrii

301 3046 447 3174 passirissne
473 3055 564 3120 peryit
586 3053 611 3105 B
626 3056 651 3120 1,
675 3055 723 3106 ubi
744 3070 808 3106 moa
837 3051 869 3104 et
898 3047 1011 3105 volunt
1040 3076 1084 3084 —
1113 3049 1259 3123 passione

319 3131 419 3178 ecum.

102 3263 126 3301 80
142 3265 163 3311 a)
176 3265 274 3305 tonitruo
289 3264 333 3307 Bl.
388 3265 411 3314 b)
425 3270 459 3306 cst
472 3278 513 3309 om.
526 3267 573 3305 131.
628 3269 649 3314 c)
662 3268 686 3306 ln
699 3267 749 3307 loco
764 3278 806 3310 om.
820 3267 843 3308 0.
897 3265 920 3318 d)
935 3272 961 3308 ut
974 3266 1260 3312 indesumasomneioom

139 3327 163 3363 p,
177 3319 201 3357 11
214 3318 284 3368 (639).
337 3321 358 3366 e)
372 3319 425 3359 Iesu
438 3319 536 3371 Christe,
548 3321 622 3368 inquit
634 3321 682 3363 Bt.
736 3321 865 3370 despuitur
877 3331 950 3360 meum
967 3323 1025 3362 linea
1038 3323 1146 3370 perducta
1163 3323 1224 3366 delet.
1238 3325 1260 3366 O.

142 3369 164 3418 g)
177 3371 206 3417 cf.
220 3383 291 3420 suipra
304 3383 326 3415 n.
336 3372 354 3414 ⁸².
409 3371 433 3424 h)
447 3371 493 3414 dlv.
507 3384 540 3422 sp.
554 3384 623 3422 prom.
637 3375 685 3416 Bl.
740 3374 758 3424 i)
772 3371 872 3414 folradus
886 3375 912 3416 A.
926 3375 990 3418 Frui.
1050 3375 1074 3424 k)
1088 3376 1171 3417 locauit
1185 3377 1260 3425 Frut.,·

29 3432 32 3455 i
143 3423 305 3474 collocaultque
319 3425 365 3469 132.
419 3426 435 3478 l)
449 3424 559 3466 ludewico
573 3427 600 3469 A.
615 3427 690 3476 Frui.;
704 3427 844 3467 Lulhouulco
857 3428 908 3479 1323
924 3428 1056 3468 hluthuuico
1071 3430 1093 3471 0.

144 3567 168 3630 1)
198 3567 273 3620 Hace
301 3569 332 3618 in
359 3569 506 3634 posteriore
537 3569 563 3622 S.
593 3567 650 3619 Viti
678 3569 794 3622 himerio
823 3568 984 3638 principissa
1014 3567 1122 3622 Salerni
1151 3573 1259 3626 dicitur.

29 3649 30 3691 ῑ
103 3646 127 3685 aa
144 3636 170 3700 2)
196 3635 247 3689 Ubi
271 3638 313 3689 hic
332 3637 402 3691 loric
419 3641 487 3691 situs
505 3645 577 3705 εεεεε,
602 3655 679 3708 saepe
703 3655 734 3691 ac
752 3642 867 3692 mulium
892 3642 1112 3708 disputaveruni;
1136 3641 1172 3705 cf.
1191 3643 1260 3693 Acta

144 3705 189 3761 SS.
217 3709 234 3764 l.
254 3709 271 3763 l.
293 3727 323 3778 p.
343 3711 397 3766 504
413 3727 468 3777 sqq.
512 3711 661 3762 Secundum
687 3716 810 3764 nostrum
835 3711 909 3763 houd
939 3711 1017 3763 dubie
1043 3715 1124 3763 iuxta
1151 3712 1207 3764 Sele
1231 3713 1259 3776 il.

29 3830 30 3841 γ
143 3782 238 3842 quaeri
254 3780 333 3835 debet.
423 3781 451 3850 3)
479 3781 521 3844 Of.
543 3782 651 3837 Transi.
674 3782 701 3837 S.
718 3783 783 3845 Viti,
808 3783 856 3836 SS.
875 3783 916 3848 II,
938 3799 968 3850 p.
988 3783 1107 3850 oiosqq.
1130 3788 1153 3834 ct
1174 3782 1258 3849 Jaffi,

29 3862 32 3871 ·
144 3847 210 3902 Bidl.
233 3851 257 3917 I,
282 3869 310 3919 p.
329 3853 412 3918 icqq.
503 3853 531 3920 4)
552 3853 642 3904 Attae
660 3854 819 3905 mendacii
835 3854 862 3907 S.
882 3854 1008 3918 Dionysii
1021 3868 1108 3920 prope
1125 3853 1260 3906 Maiam

144 3917 312 3974 Parisiorum
330 3923 448 3987 i†784).
539 3922 566 3993 5)
587 3924 629 3987 Of.
648 3941 735 3991 cupra
748 3941 778 3992 p.
798 3926 842 3990 39,
862 3924 880 3975 i,
898 3925 933 3978 26
951 3939 1006 3990 sqq.
1091 3925 1119 3991 6)
1146 3924 1260 3977 Tectum

29 4015 32 4046 r.
104 3999 129 4038 ro
144 3990 236 4043 codicis
254 3993 280 4044 B
290 3994 304 4047 1
323 3993 451 4046 Passioni
467 3993 495 4048 S.
513 3995 571 4046 Viti
586 3996 666 4060 (Acta
685 3995 733 4049 SS.
754 3995 771 4050 l.
784 3997 804 4050 l:
823 4012 855 4063 p.
874 3997 939 4055 503)
964 3995 1081 4046 maxime
1106 4001 1130 4047 ei
1154 3996 1260 4048 vebum

144 4061 216 4114 verbo
239 4079 383 4129 conyruerc
403 4065 434 4116 dc
453 4065 567 4131 Simeon,
589 4065 632 4120 (Ν.
651 4065 766 4118 Archic'
784 4065 852 4129 XII,
869 4082 900 4132 p.
919 4068 971 4121 597
981 4083 1019 4133 oq.
1043 4066 1092 4130 (cf.
1110 4065 1174 4121 ibid.
1194 4068 1259 4132 XV,

143 4146 169 4195 p·
188 4135 261 4200 572),
284 4138 432 4202 perspexit.
468 4137 520 4188 Sed
537 4151 597 4187 cum
614 4137 640 4188 B
653 4139 678 4201 2,
705 4137 753 4203 qui
772 4151 831 4188 cum
849 4138 932 4189 codice
950 4136 975 4188 Β
992 4140 1007 4191 1
1026 4139 1172 4190 consentire
1189 4139 1258 4204 solet,

146 4199 186 4252 hic
211 4205 326 4257 codicum
352 4207 379 4258 A
409 4211 432 4258 ei
463 4205 485 4258 0
514 4207 636 4260 exhibeat
667 4209 806 4273 lectionem,
839 4213 952 4274 apparet
982 4209 1099 4272 fratrem
1129 4209 1260 4275 quendam

146 4269 319 4328 artemam
347 4278 388 4329 vel
410 4293 595 4345 quanicumque
619 4278 763 4330 librarium
788 4281 934 4332 orationem
959 4280 986 4334 S.
1013 4279 1072 4331 Viti
1096 4295 1109 4332 ε
1133 4280 1260 4332 Passioni
1306 4315 1308 4318 -

28 4347 32 4394 ὲ
105 4351 130 4390 45
145 4343 199 4394 eius
216 4348 246 4396 in
259 4349 408 4414 pristinam
426 4350 544 4414 foratam
562 4351 593 4400 in
611 4349 664 4404 Bl
684 4350 820 4416 reiecisse.
