3202 4874
267 308 406 364 RERUM
425 309 637 365 GESTARUM
657 311 1093 375 SAXONIOARUMLIB.11.
1205 323 1239 377 67

22 510 101 560 aas.
228 491 371 555 *XIIIL
419 492 511 555 Dum
546 514 587 558 ea
621 494 754 559 interea
788 495 856 560 looi
891 500 1069 580 geruntur,
1105 501 1239 584 antiqui
1249 509 1309 564 938.

119 580 237 645 hostes
266 583 376 645 nostri
399 581 566 663 ngarii1
597 583 713 647 subito
743 584 881 647 irruunt
910 586 945 648 in
971 586 1176 650 Saxoniama
1203 595 1238 654 et

120 670 240 733 castris
271 691 373 754 super
403 663 507 733 litusb
535 671 671 736 Badae⁰
699 671 851 736 fluminis
882 673 1059 738 oollooatis
1089 676 1170 741 inde
1200 679 1237 742 in

118 778 254 822 omnem
289 759 464 841 regionem
496 759 752 824 diffunduntur.
806 761 886 825 Dux
916 766 1031 826 autem
1062 765 1185 828 missus
1216 787 1237 830 a

89 848 239 910 soastris
263 867 339 910 oum
371 850 469 931 parte
500 849 669 912 exereitus
700 869 740 913 eo
771 850 826 914 die
857 851 901 914 ad
930 871 1106 934 vesperam
1138 854 1237 936 signa

118 936 224 999 movit
256 931 368 1000 oiroa‘¹
395 936 514 1000 urbem
544 957 631 1019 quae
662 937 790 1002 dieitur
817 939 1128 1024 Stedieraburg⁰·².
1175 942 1236 1005 Ur·

118 1023 198 1086 bani
223 1027 338 1088 autem
362 1024 519 1089 videntes
544 1027 659 1090 hostes
684 1020 740 1091 etf
768 1047 809 1091 ex
835 1027 960 1091 itinere
984 1032 1019 1092 et
1043 1049 1085 1093 ex
1107 1029 1234 1112 pluvia,

117 1133 202 1193 quae
218 1113 342 1196 ingens
355 1117 439 1190 erat,
457 1114 664 1197 segnioresff,
679 1116 845 1179 audacter
858 1121 1043 1200 erumpunt
1059 1111 1202 1200 porsish·
1212 1119 1234 1197 ³,

117 1203 151 1264 et
175 1200 325 1265 elamore
349 1202 498 1284 primum
528 1202 739 1280 territantes,
772 1203 911 1268 demum
939 1208 1082 1289 repente
1112 1206 1149 1268 in
1180 1208 1235 1272 ad·

76 1291 282 1353 10versarios
315 1291 497 1368 irruenter,
533 1291 690 1375 plurimis
725 1312 767 1356 ex
801 1293 849 1357 eis
885 1294 992 1357 eaesis
1027 1297 1062 1358 et
1098 1295 1235 1378 eopiosa

116 1397 280 1460 equorum
297 1379 525 1444 multitudine
542 1401 619 1444 oum
637 1380 809 1463 aliquibus
827 1382 934 1464 signis
951 1385 1062 1465 capta,
1081 1387 1234 1448 caeteros

114 1466 234 1550 fugere
260 1467 512 1551 compulerunt.
558 1469 669 1533 Urbes
696 1489 781 1552 quas
812 1470 930 1534 obvias
961 1465 1130 1535 habuere¹
1160 1471 1233 1536 illo·

114 1575 188 1618 rum
218 1557 340 1640 fugam
373 1557 697 1631 animadvertentes,
734 1559 836 1622 armis
871 1579 929 1623 eos
959 1559 1118 1623 omnibus
1148 1558 1232 1624 locis

114 1645 295 1728 urgebant,
335 1648 371 1710 et
410 1646 557 1710 maxima
591 1667 633 1710 ex
668 1647 716 1710 eis
751 1649 850 1730 parte
889 1650 1071 1729 prostrata,
1111 1648 1231 1712 ducem

75 1756 97 1795 a
114 1732 225 1816 ipsum
250 1734 285 1797 in
311 1735 484 1817 quendam
513 1735 581 1798 luti
610 1739 754 1818 puteum
786 1739 947 1818 cogentes
978 1735 1231 1821 obpresserunt.

115 1817 259 1887 Alterak
292 1826 409 1887 autem
439 1843 517 1906 pars
548 1823 718 1888 exercitus
749 1823 793 1887 ad
824 1823 1018 1906 aquilonem
1049 1845 1167 1889 versus
1197 1829 1232 1889 et

114 1915 186 1974 arte
216 1911 398 1975 cuiusdam
427 1906 558 1976 Solavil
593 1912 630 1975 in
660 1911 801 1976 looumm
823 1913 883 1994 qui
913 1912 1061 1976 dieitur¹¹
1088 1913 1232 1976 Thrimi·

114 1999 254 2084 ning⁰·4
277 2000 457 2079 deductus,
486 2001 695 2065 difficultate
719 2000 873 2065 locorum
900 2021 939 2066 ao
964 2022 1068 2065 manu
1092 2001 1232 2065 oiroum·

112 2087 208 2152 fusus
250 2093 461 2154 armatorum
499 2089 601 2172 periit
638 2089 866 2172 timoremque
904 2089 1049 2152 nimium
1087 2091 1231 2154 caeteris

73 2199 97 2237 so
113 2176 266 2242 incussit.
303 2177 383 2240 Dux
405 2181 521 2241 autem
544 2177 639 2240 illius
662 2178 834 2242 exereitus
857 2198 936 2242 oum
959 2178 1078 2262 pausis
1094 2178 1231 2261 elapsus

114 2267 427 2350 eomprehenditur,
464 2269 499 2330 et
533 2266 578 2330 ad
611 2286 729 2349 regem
762 2266 932 2330 deductus
962 2267 1074 2350 pretio
1105 2266 1231 2350 magno

113 2355 305 2418 redimitur.
351 2355 417 2418 His
440 2354 569 2419 auditis
592 2358 706 2418 castra
733 2356 884 2418 hostium
915 2355 1051 2419 omnial'
1077 2355 1229 2432 turbata,

113 2441 195 2526 fuga
219 2443 370 2508 salutem
393 2444 622 2526 quaesierunt,
646 2463 710 2508 nec
734 2443 828 2524 ultra
851 2464 912 2526 per
932 2444 1078 2526 triginta
1101 2442 1231 2508 annos⁶

113 2530 147 2593 in
170 2533 322 2596 Saxonis
345 2535 588 2616 apparuerunt.

74 2642 98 2682 a
217 2621 295 2684 XV.
334 2621 417 2684 Post
447 2622 532 2684 haee
563 2619 750 2684 Heinrions
780 2620 905 2684 ardens
936 2620 1127 2704 eupiditate
1157 2635 1299 2702 reg-939.

114 2709 241 2772 nandi⁶
257 2709 390 2774 celebre
413 2712 513 2793 parat
537 2709 730 2773 convivium
753 2708 789 2770 in
813 2707 890 2772 looo
913 2708 974 2790 qui
995 2708 1123 2772 dicitur
1138 2707 1229 2770 Sala-

113 2798 273 2863 volsum·
286 2798 306 2860 ⁷.
353 2797 507 2879 Cumque
532 2799 621 2862 esset
652 2817 797 2880 magnus
827 2817 866 2860 ao
897 2799 1019 2879 potens
1049 2796 1229 2860 maiestate

114 2889 147 2948 et
169 2889 343 2970 potestate
365 2886 510 2970 regant,
535 2886 691 2969 plurimis
714 2885 863 2968 plurima
887 2884 994 2948 donat
1016 2888 1051 2948 et
1066 2883 1229 2949 factionis

114 2973 350 3040 huiuscemodi
372 2974 539 3059 plurimos
562 2975 605 3039 ob
629 2974 665 3037 id
689 2973 756 3038 sibi
779 2973 936 3037 associat.
978 2973 1089 3038 Fuere
1111 2975 1229 3037 tamen

74 3084 97 3124 a
114 3063 222 3142 multi,
259 3065 338 3147 qni⁸
372 3085 446 3129 rem
476 3062 588 3128 celare
617 3062 733 3147 potius
764 3062 925 3126 arbitrati
958 3064 1048 3139 sunt,
1085 3061 1128 3125 ad
1163 3063 1228 3126 hoo

114 3233 134 3284 a)
153 3234 253 3276 Saxones
267 3236 315 3278 132.
391 3235 416 3288 b)
434 3235 498 3275 littus
512 3235 551 3274 Rs
565 3244 655 3284 semper.
730 3233 751 3285 e)
769 3231 827 3274 bodo
842 3234 868 3276 Δ.
882 3234 950 3275 Suro.
1026 3231 1050 3286 d)
1069 3234 1228 3276 contrusam.

114 3285 135 3337 e)
152 3291 181 3327 nic
198 3291 240 3328 131
258 3295 328 3335 (corr.
345 3299 356 3328 s
374 3285 516 3338 stedsrburg,
536 3289 609 3326 littera
627 3298 641 3327 s
659 3298 729 3336 supro
748 3288 805 3326 linea
823 3288 916 3336 immo)
935 3291 954 3326 et
968 3286 985 3326 0
988 3300 997 3334 ,·
1015 3284 1179 3336 steiderlaburg
1196 3288 1230 3334 A,-

114 3339 331 3392 fltedierebur3323
344 3341 513 3382 stedieraburoh
524 3341 593 3383 Saso.
639 3341 695 3388 flet
709 3351 750 3383 om.
760 3343 787 3382 Δ.
829 3343 853 3390 g)
866 3340 1020 3382 senioresB2.
1062 3338 1085 3390 h)
1099 3340 1230 3389 portath.

115 3393 129 3439 i)
142 3396 171 3433 sio
184 3396 230 3437 131.
242 3397 261 3438 Ι,
275 3396 298 3435 G.
314 3397 389 3443 Saea·
403 3395 529 3434 hahuerunt
542 3391 666 3445 (habuerlt)
679 3395 707 3433 A.
765 3394 788 3441 k)
802 3393 893 3434 Alteras
908 3397 982 3433 autem
996 3393 1067 3442 partis
1081 3393 1120 3431 ΒΞ
1134 3397 1230 3431 mumma

75 3446 98 3485 tt
114 3447 157 3486 esne
174 3449 238 3488 dublo
257 3449 348 3498 editors,
368 3449 405 3498 qui
426 3449 448 3486 ln
466 3448 560 3497 sequenti
578 3457 656 3487 versus
676 3446 804 3494 offenderim
822 3448 867 3486 als'o
885 3448 950 3486 modo
968 3447 1025 3485 Ana.
1044 3447 1105 3484 Saoeo
1123 3447 1229 3485 mesano:

115 3509 177 3540 versa
191 3532 230 3546 ...
244 3499 340 3541 deducta
354 3532 360 3543 .
372 3533 377 3544 .
390 3531 396 3544 .
411 3502 551 3542 circumfusa.
609 3501 625 3548 l)
638 3499 693 3538 flaui
707 3511 765 3540 corr.
781 3501 838 3539 slaui
852 3501 885 3548 A,·
899 3499 961 3540 Slsui
974 3499 1020 3541 132.
1034 3500 1107 3546 Saxo,-
1120 3499 1190 3538 solani
1204 3498 1228 3548 0,

115 3553 185 3592 lunera
199 3566 211 3594 o
223 3557 302 3604 primo
315 3565 383 3594 manu
396 3565 504 3604 superscr.
565 3556 596 3603 m)
609 3554 658 3593 loeo
672 3553 719 3595 131.
780 3556 803 3601 n)
817 3553 900 3592 dieitur
913 3564 955 3592 om.
969 3553 1015 3594 Bl.
1076 3551 1098 3601 o)
1112 3551 1229 3600 thrlmlmg

115 3606 136 3645 C.
151 3608 217 3650 Saxo.
280 3611 303 3657 p)
317 3609 392 3648 omnia
406 3619 447 3650 om,
461 3609 484 3648 C.
498 3608 566 3646 Saxo.
629 3609 652 3656 q)
666 3603 811 3646 Salsueldum
824 3606 876 3656 Βῆ
890 3605 1019 3645 salsueldon
1032 3605 1094 3646 erue.
1151 3605 1171 3651 r)
1186 3604 1227 3653 hic,

5 3701 6 3714 ,
114 3670 154 3698 tlon
163 3666 214 3709 post
228 3665 315 3711 potens,
330 3663 464 3710 diuinassent
478 3661 505 3702 A.
520 3661 569 3699 31.
584 3660 604 3700 2,
618 3660 747 3710 c.(1‹“rut.).
801 3658 820 3710 s)
835 3669 878 3708 que
893 3659 915 3701 C.

74 3795 99 3834 4⁰
116 3781 141 3850 1)
161 3785 203 3848 Of,
221 3801 307 3852 supra
329 3803 357 3853 p.
376 3787 421 3850 47,
444 3785 461 3838 l.
475 3787 499 3839 7.
519 3790 542 3836 et
560 3801 586 3838 a.
606 3786 630 3838 5.
710 3784 737 3850 2)
759 3783 913 3847 Steterbury
931 3796 1017 3848 propo
1036 3778 1227 3843 Wolfenbdttel.

115 3855 141 3920 3)
160 3855 261 3908 Eodem
278 3857 358 3908 verta
376 3858 432 3908 ium
450 3871 536 3921 supra
550 3873 580 3922 p.
594 3857 637 3919 14,
659 3855 676 3908 l.
690 3856 732 3908 14.
796 3854 824 3918 4)
845 3853 990 3916 Drdmls’ny
1007 3852 1079 3916 reolo
1092 3851 1229 3917 palustris

115 3931 138 3975 et
158 3927 284 3980 silvestris
308 3943 320 3978 a
345 3929 520 3994 septentrione
544 3927 661 3978 natatis
678 3924 832 3977 Helmstedt.
877 3923 919 3986 Of.
944 3923 1017 3973 Aoo.
1037 3919 1228 3986 Quodlindary.

116 4009 140 4048 a.
159 3999 218 4064 937,
238 3998 286 4052 SS.
306 3999 363 4063 III,
385 4015 416 4064 p.
435 3999 482 4053 56:
506 3995 612 4065 Ungari
632 4039 637 4050 .
659 4038 664 4049 .
685 4037 691 4049 .
710 3994 739 4046 in
756 3991 902 4061 paludibus
921 3990 1088 4058 caeterisque
1110 3988 1228 4044 difficul-

116 4065 214 4120 tatibus
232 4068 387 4136 perierunt3
407 4071 479 4122 Ana.
500 4067 575 4122 Oort.
595 4083 620 4121 a.
638 4068 698 4131 938,
718 4065 782 4120 ibid.
797 4081 827 4131 p.
840 4067 869 4118 4:
892 4061 1075 4130 Ungsriorum
1094 4061 1228 4114 exereitus

6 4145 8 4204 i
76 4147 101 4187 lo
116 4133 143 4187 in
161 4136 275 4191 Belxam
294 4139 407 4193 deletus.
445 4137 531 4191 Belxa
549 4153 640 4205 payns
662 4152 696 4187 ea
719 4136 768 4187 ills
790 4137 896 4200 rosione
913 4135 1004 4186 Albim
1029 4149 1122 4186 vermos
1139 4139 1229 4185 aava

6 4241 8 4280 ,
116 4208 196 4261 daur.
273 4211 301 4278 5)
322 4211 364 4274 Cf.
387 4211 419 4262 de
443 4211 490 4262 hoo
516 4211 568 4262 looo
588 4210 708 4276 praefat.
793 4208 820 4273 6)
851 4207 893 4270 Cf.
917 4221 1002 4274 supra
1024 4223 1053 4272 p.
1072 4205 1115 4270 66,
1141 4204 1157 4257 l.
1178 4206 1228 4258 13:

6 4281 8 4334 ἓ
117 4275 219 4332 fervens
238 4281 345 4349 animo;
371 4285 399 4334 et
422 4280 508 4332 nimia
525 4278 659 4348 regnandi
678 4276 828 4346 eupiditate
845 4276 960 4331 illectus.
1041 4275 1069 4342 Ι)
1097 4275 1229 4338 saalfeld.

982 4381 1015 4437 5*
