3132 4896
297 280 369 335 xvi
668 240 678 248 “
740 279 971 337 perarasse.

298 463 375 527 Post
403 462 520 526 obitum
548 461 685 528 Gerouis
715 461 952 543 666919(965.
977 461 1068 526 Maii
1092 463 1174 545 20st
1197 469 1226 527 et
1246 461 1418 528 Bruuouis

298 549 528 634 archiepiscopi
564 549 652 629 (965.
693 551 758 616 oa.
794 550 847 636 11)
860 553 879 630 ²,
915 552 1053 631 fortusse
1087 551 1183 616 etium
1211 551 1355 617 Bouau·
1384 553 1415 616 Ι.

297 639 387 705 arceis
412 641 586 706 Boioomiae
617 637 708 716 (967.
734 641 798 705 Iui.
826 640 906 718 15)³
935 647 1027 722 utque
1056 639 1187 721 repiuue
1219 640 1417 706 Mauritius

299 727 388 810 (968.
424 730 529 794 Mart.
563 729 616 810 15)
625 731 647 810 4,
683 731 759 794 etum
793 729 965 810 imperator
999 728 1069 793 Otto
1103 749 1173 794 669
1203 729 1273 809 sitio
1308 729 1416 794 Ottouo

297 818 333 882 iu
364 818 467 884 Itutiu
496 824 677 884 moraretur
708 815 798 891 (1916
825 820 864 884 66
897 824 971 882 967.
1000 817 1081 902 Oet.)
1093 818 1114 898 ⁵,
1145 817 1301 884 tricesimo
1331 840 1447 884 ouuos

290 914 366 990 post
402 907 569 973 viatorium
607 909 644 972 de
685 907 841 990 Uupariis
878 930 909 972 a.
946 913 1020 972 938.
1059 907 1097 972 iu
1131 907 1278 975 Suaouiu
1312 927 1415 988 repor-

297 997 418 1062 tutam6
446 996 665 1063 Widuitiudus
697 997 735 1061 iu
768 995 905 1061 historia
938 995 1106 1062 seribeuda
1140 1002 1307 1078 occupatus
1340 996 1414 1075 fuit.

294 1084 534 1166 Wioitmuuuua
559 1087 596 1150 de
619 1085 710 1150 ouius
731 1085 863 1152 iuteritu
885 1084 1007 1150 ultimis
1029 1084 1185 1167 capitibus
1206 1084 1416 1166 ateramum

298 1174 472 1256 Septembri
495 1197 526 1239 6.
544 1179 618 1238 967.
644 1174 763 1240 occisus
785 1181 849 1256 est,·
872 1196 937 1239 969
957 1175 1053 1240 multo
1071 1180 1144 1255 post
1159 1172 1275 1239 librum
1290 1173 1416 1239 tertium

296 1284 362 1328 osse
385 1263 560 1328 absolutum
583 1269 662 1328 reete
685 1269 821 1328 statuere
844 1262 936 1328 uobis
957 1263 1110 1328 uidemur.
1162 1261 1241 1328 Cum
1268 1263 1459 1344 tororum,1o

296 1373 373 1434 ¹arms
402 1351 723 1434 commemoravimus,
759 1351 908 1417 nonrmlli
941 1359 998 1417 aut
1026 1351 1190 1418 retractati
1219 1357 1276 1416 aut
1303 1351 1416 1417 iuserti
1443 1353 1444 1356 ’

296 1463 360 1506 osse
394 1440 533 1522 possiut,
574 1440 689 1506 eortius
722 1442 784 1506 666
817 1443 855 1506 oio
888 1461 923 1506 ro
957 1442 1102 1505 uolumus
1136 1442 1327 1522 6666969,
1360 1441 1415 1506 troo

296 1537 378 1596 6696
407 1529 618 1595 videturesse
648 1531 848 1596 statuouotum
877 1529 1041 1612 sumpsisse
1066 1529 1300 1597 Widutiuotum
1329 1550 1415 1594 6696

294 1620 363 1700 fere
387 1625 461 1682 968.
1545 1685 1546 1688 ,

407 1707 516 1774 Ottouo
538 1708 752 1792 6961116666
774 1707 964 1790 imperatore
986 1714 1118 1788 mortuo,
1136 1729 1245 1789 66666
1263 1707 1415 1773 historiae
1434 1730 1459 1770 1s
1545 1723 1546 1750 ἐ

297 1796 468 1862 66916666
491 1818 555 1862 esso
578 1797 741 1863 iudicauit.
790 1796 1001 1880 Imperatoris
1031 1796 1163 1878 epistola
1194 1795 1303 1881 (968),
1335 1796 1415 1862 betia
1545 1791 1546 1802 ’

297 1892 407 1952 contra
435 1885 574 1951 Graecos
594 1893 682 1968 pasta
707 1882 814 1970 (969),
844 1885 973 1968 uuptiue
1000 1885 1123 1951 Ottouis
1151 1885 1282 1952 seeuudi
1306 1881 1413 1967 (972),

296 1975 397 2040 obitus
426 1974 623 2040 Mauritius
656 1974 802 2056 6661666,
836 1973 1000 2042 Wiiiolmi
1037 1981 1066 2040 et
1093 1973 1284 2040 Beruiuurdi
1311 1973 1415 2055 peuti-

294 2067 390 2144 11669
424 2057 530 2148 (968),
565 2063 751 2129 Hermauui
781 2063 879 2144 ducis,
914 2063 1017 2145 rpu'us
1046 2063 1179 2146 domique
1212 2061 1414 2146 69696199

297 2152 387 2234 (973)
425 2152 477 2217 irie
515 2153 708 2232 referuntur.
771 2153 815 2217 Iu
843 2153 1005 2235 plerisque
1039 2152 1197 2218 corticibus
1230 2153 1307 2218 6666
1344 2173 1413 2217 eum
1432 2175 1460 2214 so
1492 2191 1495 2198 .

289 2241 456 2324 prioribus
479 2241 655 2307 arctissime
678 2241 846 2307 eouiuuota
869 2243 1024 2324 teauutur,
1049 2242 1115 2306 iam
1142 2241 1348 2306 Thietmurus
1370 2240 1413 2305 iis

229 2386 232 2393 .
294 2353 371 2396 usus
400 2338 453 2412 est,
479 2330 666 2413 Sipobortus,
691 2331 871 2412 Frutoifus,
902 2330 1080 2396 Auuaiistu
1105 2330 1192 2396 Sauo
1221 2332 1329 2396 eodem
1358 2331 1411 2394 ad·

294 2420 484 2502 66699966·
520 2421 649 2502 ideoque
685 2420 766 2502 quiu
799 2420 894 2485 etium
931 2419 1006 2485 6666
1040 2422 1079 2485 66
1113 2419 1182 2501 ipso
1215 2418 1412 2486 Wictultiudo

294 2509 406 2574 additu
429 2509 502 2590 siut,
533 2509 663 2574 miuime
685 2509 802 2590 dubito,
826 2508 1018 2592 praesertim
1041 2530 1110 2574 oum
1139 2508 1252 2590 ubique
1280 2509 1412 2572 eamdem

296 2597 421 2663 airaudi
444 2597 600 2662 rutiouem
624 2599 852 2680 6669666696
874 2598 955 2662 mitri
978 2597 1089 2663 uidear
1099 2597 1119 2660 ⁷.
1171 2599 1309 2679 Quorum
1332 2616 1412 2678 quoe
1430 2617 1457 2658 ss

294 2689 338 2752 66
360 2687 465 2751 Vitam
480 2686 676 2751 6166161669
692 2708 793 2768 prope
816 2689 960 2752 arrodere
982 2687 1198 2766 6166916666
1221 2707 1259 2751 ea
1280 2706 1316 2750 ro
1335 2705 1412 2750 uera

293 2778 409 2841 666616
443 2797 507 2840 esse
541 2777 629 2841 mutio
662 2779 752 2841 morto
786 2775 992 2842 eouoeotimus.
1045 2776 1163 2840 Proeui
1192 2774 1287 2841 dubio
1309 2774 1412 2858 66616

287 2871 361 2948 post
388 2864 511 2930 Ottouis
540 2871 668 2930 mortem
692 2866 769 2930 669
791 2865 911 2947 irrupta
933 2871 1016 2944 suut,
1047 2867 1086 2930 66
1116 2864 1184 2946 ipso
1214 2863 1412 2931 Wiiuirimto

294 3095 321 3159 1)
351 3093 391 3156 Cf.
418 3092 475 3157 ΙΙΙ,
495 3096 544 3149 641
570 3090 684 3144 Erant
710 3093 810 3161 quippe
834 3091 864 3145 in
887 3089 998 3145 Gerena
1022 3091 1125 3144 multae
1150 3094 1222 3144 artes
1248 3134 1254 3146 .
1282 3134 1288 3146 .
1315 3133 1320 3146 .
1349 3133 1354 3145 .
1380 3094 1411 3142 ut

294 3167 373 3215 erat
394 3163 485 3220 ¹animi
513 3163 702 3218 ardentissimi.
810 3166 838 3232 2)
866 3165 891 3230 Ι,
910 3166 955 3218 31:
986 3179 1067 3229 quem
1092 3161 1230 3230 pontificis
1255 3161 1355 3214 summi
1379 3178 1411 3215 aa
1429 3173 1458 3212 eo

294 3232 370 3286 ducis
389 3234 483 3302 magni
501 3233 658 3286 vidimus
677 3233 800 3287 officium
818 3239 968 3304 gerentem.
1007 3233 1048 3298 Gt.
1070 3235 1110 3298 ΙΙ,
1129 3237 1172 3289 36.
1263 3233 1290 3302 3)
1317 3233 1409 3300 6351

293 3305 339 3372 qui
367 3305 537 3371 quamdiu
566 3304 662 3357 vixit
689 3305 849 3373 imperatori
873 3304 962 3358 fidelis
987 3309 1015 3358 et
1042 3304 1117 3358 utilis
1144 3303 1252 3359 mansit.
1298 3304 1351 3356 Sea
1376 3305 1410 3368 of.

288 3394 317 3443 6.
337 3378 381 3442 43,
406 3393 432 3431 u.
454 3379 495 3431 11.
585 3378 612 3444 4)
638 3377 662 3441 Ι,
681 3379 731 3431 31:
756 3375 845 3429 Erat
869 3393 987 3444 namque
1012 3375 1071 3443 ipsa
1097 3375 1208 3428 domina
1232 3375 1328 3444 regine
1353 3373 1409 3426 filia

292 3446 431 3500 Thiadrici
459 3453 503 3502 oto.
612 3448 640 3510 6)
668 3447 725 3512 ΙΙΙ,
752 3450 802 3503 63:
830 3464 912 3515 quam
940 3448 1128 3513 (Matrttu'lrtr'm
1153 3449 1298 3514 iuniorem)
1324 3445 1410 3514 patris

293 3517 496 3585 fratrisque
526 3517 658 3572 celsitudo
687 3518 795 3587 patriae
826 3519 860 3571 ad
896 3535 1006 3572 omnem
1039 3518 1173 3571 honorem
1207 3516 1340 3585 nobisque
1375 3514 1411 3569 ad
1430 3527 1459 3567 66

292 3589 419 3642 solatium
437 3589 602 3657 reliquit.
621 3621 657 3628 -
677 3591 751 3653 Quod
768 3591 858 3642 Rauso
879 3608 908 3657 6.
928 3594 970 3646 20.
990 3593 1090 3642 oeusutt
1107 3591 1186 3642 6966
1205 3590 1235 3641 de
1255 3590 1345 3642 Ottoue
1361 3588 1411 3639 ΙΙ.·

291 3678 373 3729 quem
399 3661 454 3712 iam
478 3665 542 3730 post
564 3664 672 3728 patrem
700 3661 842 3714 dominum
870 3678 902 3714 ao
929 3661 1123 3729 imperatorem
1150 3659 1292 3713 universus
1318 3661 1412 3727 sperat

291 3732 366 3785 orbis
395 3733 468 3799 (ΙΙΙ,
498 3736 545 3795 12)
575 3733 656 3784 soriti
685 3749 738 3786 666
764 3737 884 3799 potuisse
913 3735 969 3784 uisi
992 3734 1157 3800 priusquam
1187 3733 1232 3783 719
1263 3735 1411 3798 imperator

291 3806 381 3868 faetus
408 3809 484 3867 9666,
512 3808 530 3858 r'.
557 3821 577 3858 o.
605 3810 666 3856 outo
693 3821 718 3858 6.
745 3807 805 3859 967.
831 3806 891 3858 Deo.
919 3807 967 3870 26,
994 3807 1050 3855 ium
1076 3805 1178 3855 dudum
1201 3803 1413 3871 praedauruaoit

290 3875 523 3942 Mamurram,
554 3876 633 3930 ί1191.
664 3876 802 3929 Zettsehr!
833 3876 952 3942 XVIII,
983 3893 1012 3942 6.
1041 3877 1101 3929 436.
1224 3873 1251 3942 6)
1288 3875 1335 3938 ΙΙ,
1368 3875 1410 3928 14.
1430 3883 1462 3921 40

292 3944 318 4014 7)
340 3946 380 4010 Cf.
400 3962 467 4013 quoa
485 3949 614 3998 auuotam'
630 3964 659 4013 6.
681 3950 740 4013 122,
759 3963 786 4000 u.
806 3950 831 4001 3.
851 3951 875 4002 5.
897 3964 927 4013 6.
948 3949 1008 4012 123,
1027 3963 1053 4001 6.
1075 3951 1098 4000 1.
1117 3949 1142 4000 3.
1161 3949 1186 4000 4.
1210 3963 1238 4013 6.
1259 3947 1319 4010 124,
1337 3962 1364 3998 6.
1383 3945 1410 3998 2.

288 4035 315 4084 6.
337 4019 397 4082 127,
422 4020 591 4073 6.1.4-6.
617 4037 652 4056 ·-
682 4018 846 4071 Trittremius
871 4019 974 4084 quictem
1000 4019 1099 4070 Chrou.
1124 4017 1257 4082 Hirsaup.
1280 4017 1411 4083 praefat,

292 4088 379 4154 Opera
398 4089 439 4154 ΙΙ,
461 4093 535 4156 62,
558 4090 719 4142 Wiiutotmtt
735 4090 878 4142 6919969
897 4089 931 4139 66
950 4089 1005 4141 atio
1030 4091 1156 4156 quopiam
1181 4089 1332 4154 completam
1357 4101 1412 4138 assa

290 4161 439 4223 66616966)
458 4162 504 4212 sut
522 4161 568 4213 666
586 4162 689 4212 multius
707 4167 744 4214 est
762 4163 893 4215 rnoraeuti.
