3196 4880
309 264 343 317 18
756 256 977 313 WIDUKINDI

308 446 495 525 utcumque
529 441 758 526 probabilem,
799 441 859 523 qui
897 440 1046 504 Saxones
1084 440 1251 524 originem
1290 441 1430 506 duxisse

308 533 457 614 putanta
484 531 527 594 de
551 529 691 595 Graecis
703 529 724 604 1,
748 523 849 612 quial
874 529 1014 592 Hirmin
1037 529 1093 592 vel
1116 529 1274 594 Hermisc
1296 528 1428 594 Graece

308 620 401 684 Mars
425 619 569 694 dicitur;
594 640 661 701 quo
684 612 875 682 vocabulod
902 618 946 681 ad
973 618 1110 682 laudern
1135 618 1190 682 vel
1221 618 1265 681 ad
1295 619 1428 701 vitupe-

307 709 477 772 rationem
507 728 616 790 usque
645 708 749 771 hodie
780 707 884 770 etiam
915 706 1115 790 ignorantes
1145 706 1277 770 utimur
1287 708 1308 768 ².
1358 707 1429 772 ‘Per

307 798 462 861 triduum
486 797 594 880 igitur
618 796 690 860 dies
713 796 878 860 victoriae
902 799 1044 879 agentes
1075 798 1111 860 et
1134 795 1244 879 spolia
1274 796 1427 860 hostium
1447 819 1460 858 5

309 886 504 950 dividentes
542 886 770 968 exequiasque
805 904 982 949 caesorum
1017 883 1231 948 celebrantes
1265 883 1427 948 laudibus

310 975 432 1039 ducem
455 974 492 1037 in
515 973 649 1038 eaelum
674 972 877 1050 attollunt⁰‚
903 973 1058 1036 divinum
1081 973 1114 1038 ei
1138 973 1291 1036 animum
1315 974 1426 1039 inesse

310 1063 560 1145 caelestemque
583 1063 748 1127 virtutem
780 1061 1020 1140 acclamantes,
1052 1062 1112 1144 qui
1141 1081 1201 1124 sna
1231 1062 1428 1126 constantia

307 1155 443 1216 tantam
467 1171 524 1216 eos
546 1151 657 1234 egerit
672 1152 835 1235 perficere
850 1150 1040 1214 victoriam.
1078 1150 1191 1214 Acte³
1213 1153 1294 1213 sunt
1310 1153 1427 1214 autem

309 1241 394 1304 haec
425 1240 554 1316 omnia,
590 1242 630 1302 ut
660 1239 828 1302 maiorum
863 1240 1028 1303 memoria
1059 1239 1189 1323 prodit,
1222 1232 1319 1304 *dies
1346 1239 1426 1302 Kal.
1447 1263 1473 1301 10

226 1351 298 1396 aaa.
309 1328 478 1406 Octobris,
502 1329 562 1411 qui
586 1329 658 1393 dies
682 1329 805 1392 erroris
828 1326 1066 1410 religiosorum
1083 1329 1261 1392 sanctione
1276 1328 1427 1392 virorum
1447 1318 1545 1367 *Μ’

308 1417 436 1481 mutati
459 1421 540 1480 sunt
563 1417 601 1480 in
628 1417 774 1482 ieiunia‘
790 1419 825 1480 et
855 1417 1037 1494 orationes,
1068 1417 1261 1481 oblationes
1292 1438 1427 1500 quoque

308 1507 462 1570 omnium
485 1525 548 1570 nos
571 1505 831 1590 precedentium
856 1504 1131 1570 Christianorum
1140 1504 1163 1567 4.

308 1731 330 1783 a)
345 1729 373 1772 de
386 1732 460 1781 grecis
473 1732 614 1782 putentBl.
671 1729 695 1781 b)
711 1742 756 1780 qne
770 1732 796 1774 A.
854 1729 876 1781 c)
890 1730 1052 1773 Chermith.
1109 1729 1133 1780 d)
1147 1731 1184 1772 vel
1198 1732 1309 1775 adddit.
1369 1735 1390 1781 e)
1404 1737 1428 1772 et

307 1786 474 1835 euperemBl.
529 1783 1061 1836 f)&comendam-calamna.
1448 1788 1474 1828 15

306 1977 369 2014 suos
386 1964 552 2014 commotione
572 1963 677 2014 cuilibet
702 1977 793 2014 eorum
817 1964 933 2030 propria
958 1963 1077 2014 cenerati
1099 1969 1171 2027 sunt,
1197 1963 1292 2014 scilieet
1310 1963 1427 2014 Martem

307 2035 413 2084 nomine
431 2035 488 2084 eius
505 2035 523 2086 i.
542 2048 563 2083 e.
581 2032 671 2083 Irmin
696 2049 763 2084 arae
787 2034 919 2098 imposito,
945 2033 1087 2084 Herculem
1112 2034 1231 2096 serenam
1256 2035 1313 2085 eius
1338 2035 1426 2100 effiyie

306 2104 492 2155 columnarum
510 2103 684 2168 (alecula)
702 2106 811 2170 imitati,
838 2105 962 2155 columna
980 2104 1068 2169 tipum
1086 2105 1117 2155 in
1135 2105 1221 2154 altam
1241 2110 1334 2168 macta,
1359 2121 1426 2172 quae

307 2174 434 2225 Herculis
451 2176 559 2240 sianum
577 2175 770 2241 quodammodo
787 2176 955 2240 caprimum,
982 2175 1069 2226 Solem
1088 2175 1141 2226 loco
1167 2191 1233 2226 arae
1257 2175 1294 2226 ad
1313 2181 1425 2244 portam

307 2245 462 2296 orientalem
479 2245 574 2298 selecto.
612 2245 656 2296 lia
674 2244 835 2296 Widulcindi
851 2247 979 2298 sentenia
986 2262 999 2308 ‚¹
1024 2250 1125 2297 narrat
1142 2248 1233 2312 itaque
1250 2246 1371 2298 Saxones
1395 2249 1425 2298 in
1444 2259 1473 2297 ro

306 2317 415 2381 sianum
445 2318 571 2367 uictoriae
599 2315 636 2366 ad
661 2321 772 2382 portam
802 2316 962 2381 Selidinpae
995 2317 1148 2368 orientalem
1184 2333 1263 2368 aram
1293 2318 1427 2369 Irminsal

307 2388 429 2441 erexisse.
473 2387 546 2438 Hine
570 2394 594 2439 et
619 2387 671 2438 loco
698 2387 786 2438 Taciti
806 2388 880 2442 Aun.
903 2388 927 2453 I,
951 2389 1001 2442 61:
1025 2387 1128 2441 truncis
1152 2388 1281 2441 arborum
1306 2386 1425 2442 antefixa

308 2472 371 2524 ore;
389 2455 460 2510 lucis
476 2455 637 2525 propinquis
654 2456 789 2510 barbarae
807 2473 879 2523 erae,
904 2457 978 2526 apud
996 2474 1062 2524 ques
1079 2457 1203 2511 tribunos
1222 2475 1255 2511 ac
1273 2458 1425 2527 primorum

308 2527 435 2580 ordinum
453 2527 626 2582 centuriones
643 2531 838 2595 mactaverant,
856 2529 906 2580 lua
923 2530 1085 2594 affunditur.
1116 2529 1191 2581 PER
1197 2530 1266 2591 TZ).
1338 2530 1364 2600 1)
1381 2531 1424 2595 Cf.

306 2615 393 2666 supra
413 2616 443 2667 p.
462 2601 489 2665 4,
516 2599 531 2652 l.
551 2601 635 2667 4sqq.
720 2599 746 2668 2)
769 2598 876 2652 heissen
894 2598 939 2653 die
957 2600 1058 2652 letzten
1076 2603 1176 2654 worte:
1195 2599 1245 2652 wir
1261 2600 1426 2654 verwenden
1444 2613 1473 2652 25

308 2668 356 2721 das
374 2669 568 2723 verstiirlende
586 2667 692 2738 prasfix
710 2672 816 2737 imnim,
839 2669 911 2724 ohne
938 2670 1032 2723 seinen
1056 2671 1117 2723 sinn
1142 2688 1176 2722 zu
1201 2671 1354 2739 verstehen,
1378 2671 1425 2725 bei

307 2741 427 2792 wdrtern
454 2743 536 2809 guter
562 2740 619 2793 und
646 2740 726 2794 iibler
751 2740 932 2810 bedeulung‘?
958 2745 999 2794 ite
1026 2741 1055 2796 J.
1080 2742 1194 2808 Grimm,
1222 2743 1308 2808 Myra.
1336 2744 1373 2798 ed.
1399 2746 1424 2798 1.

303 2829 333 2880 p.
347 2813 407 2878 210,
426 2829 453 2866 n.
467 2811 491 2882 *)
507 2813 605 2880 procul
620 2813 700 2864 (labie
718 2818 784 2865 recte
801 2813 864 2864 haec
881 2813 961 2864 acrba
979 2815 1171 2880 interpretatus
1188 2819 1242 2876 aa·
1262 2815 1300 2868 ed.
1320 2817 1345 2868 2.
1364 2829 1425 2867 aera

303 2901 334 2950 p.
352 2885 404 2937 327
424 2908 456 2926 =
483 2884 522 2936 ed.
541 2886 567 2938 4.
592 2884 616 2948 I,
638 2900 669 2950 p.
687 2885 757 2938 292:
782 2883 839 2935 und
863 2883 935 2936 noch
952 2883 991 2936 im
1011 2886 1052 2938 10.
1068 2883 1109 2952 jh.
1128 2883 1221 2937 winde
1244 2885 1296 2937 mit
1321 2884 1425 2938 diesem

307 2970 407 3006 namen
435 2952 480 3006 ein
506 2953 748 3023 hervorregender,
774 2971 950 3022 verwegener
975 2971 1068 3021 mann,
1095 2953 1196 3008 lobend
1221 2954 1288 3008 oder
1312 2955 1426 3009 tedelnd
1444 2967 1474 3006 ao

306 3025 408 3091 belegt.
445 3025 488 3089 Of.
507 3025 677 3090 Mullenhoff,
695 3026 736 3079 ‘Z.
748 3027 771 3090 s.
784 3026 819 3080 D.
832 3025 897 3079 Ale!
914 3025 1028 3090 XXIII,
1045 3043 1074 3093 p.
1087 3028 1112 3080 3.
1131 3057 1167 3066 -
1184 3025 1270 3093 (Mili
1285 3028 1425 3080 relatiuam

307 3096 344 3147 ad
355 3094 431 3148 Mars
449 3098 620 3160 referundum
636 3112 688 3148 esse
700 3097 812 3162 videtur,
826 3112 877 3163 qm)
889 3097 1176 3162 immurmurantes
1188 3128 1222 3136 —
1234 3114 1300 3150 nam
1310 3098 1425 3150 Hirmin

307 3169 415 3218 minium
431 3168 596 3233 iynmabant
620 3197 654 3206 -
680 3167 802 3220 Senones
823 3168 918 3232 lin-pua
941 3183 993 3218 sua
1018 3169 1055 3218 ad
1079 3168 1185 3221 laudem
1210 3171 1241 3220 in
1265 3184 1322 3221 acce
1346 3167 1425 3236 miri,

307 3235 375 3302 misr,
400 3238 500 3304 clarus,
524 3239 561 3288 ad
581 3240 800 3304 vituperationem
825 3240 855 3288 ia
880 3253 936 3291 eom
960 3239 1084 3290 incudum
1109 3239 1275 3305 sipnirlcaate
1299 3256 1375 3292 mera
1400 3247 1426 3292 et

306 3310 456 3375 compositis
472 3325 567 3360 earum
584 3309 735 3362 nubantur.
763 3308 912 3372 PERTZ).
943 3310 1024 3361 Hanc
1040 3310 1163 3362 uitium
1180 3312 1425 3378 interpretatiormm
1444 3322 1474 3362 eo

306 3380 428 3445 sequitur
452 3379 485 3433 B.
510 3380 542 3429 de
566 3379 679 3443 Simeon,
705 3379 747 3433 ‘N.
766 3378 877 3431 Arehiu’
895 3380 959 3447 XV,
981 3397 1011 3446 p.
1029 3383 1142 3448 blsssq,
1167 3381 1257 3434 mac
1280 3385 1424 3446 camalam,

306 3464 409 3500 summo
436 3450 496 3501 iure
522 3455 688 3516 repupnante
714 3450 751 3504 K.
777 3450 811 3508 Ii.
836 3451 873 3504 H.
899 3451 1018 3515 Krousa,
1047 3451 1110 3506 idid.
1138 3452 1217 3512 XVI,
1242 3471 1270 3520 p.
1299 3455 1351 3508 610
1368 3469 1424 3520 sqq,

306 3520 437 3586 Equidem
466 3520 598 3573 reddatur
627 3520 703 3571 uelim
738 3524 867 3573 cantantia
903 3524 959 3573 sic:
994 3523 1117 3575 ‘Dareus
1145 3524 1253 3589 echan,
1289 3525 1354 3577 dass
1381 3525 1425 3576 die

307 3593 433 3656 meinunp
450 3591 601 3656 dcrjenipem
618 3591 687 3642 mian
705 3591 769 3644 doeh
787 3591 1010 3645 makrsalieinlich
1028 3595 1073 3660 sei,
1091 3594 1183 3646 wambe
1194 3595 1237 3646 clia
1248 3595 1363 3647 Sachaen
1375 3597 1426 3660 fur

307 3661 496 3714 naehleornmen
514 3663 562 3714 der
575 3662 703 3714 Galeam
721 3663 820 3728 haben,
839 3664 900 3716 weil
915 3665 963 3717 der
981 3664 1061 3716 Mars
1072 3665 1187 3716 Hirmin
1205 3673 1268 3731 (aaa
1285 3671 1350 3727 uns)
1368 3667 1426 3718 aad
1443 3677 1474 3717 eo

307 3733 420 3786 Harnees
437 3736 475 3785 im
494 3733 679 3786 &malachan
699 3741 818 3800 penannt
835 3737 922 3786 wird:
946 3737 990 3787 ein
1014 3741 1082 3788 mort
1105 3735 1218 3805 (irmin),
1243 3737 1349 3790 memte-e
1371 3739 1425 3788 wir

306 3807 337 3855 in
354 3804 486 3856 intendem
503 3806 561 3856 und
578 3804 725 3856 tadelndem
742 3807 819 3858 marte
842 3806 883 3858 bis
908 3807 963 3870 aus
984 3807 1034 3858 den
1059 3807 1180 3873 nealcen
1201 3813 1250 3873 tay
1271 3810 1424 3872 anmcnden,

307 3875 418 3938 freilielr
444 3876 512 3928 olene
538 3893 565 3928 es
590 3892 626 3927 zu
653 3877 748 3928 wtssm
774 3877 906 3942 (ndmlicl
933 3877 997 3929 dass
1022 3893 1049 3929 es
1076 3893 1127 3930 aus
1153 3879 1212 3930 dem
1240 3879 1425 3931 Griecliscitm

307 3944 442 4010 memnii.
531 3946 559 4016 3)
586 3947 659 3998 Acta
677 3977 713 3986 -
731 3945 859 4000 Octobris
874 3955 935 4014 poet
952 3951 1055 4000 inscia
1072 3964 1125 4001 esse
1143 3948 1183 4004 W.
1201 3951 1233 4000 de
1253 3949 1424 4013 Giesebreclrt,

307 4015 409 4070 ‘Geren
435 4018 484 4068 der
507 4017 646 4069 deutschen
670 4015 834 4070 Karserzeit’
857 4020 895 4073 ed.
915 4021 940 4074 5.
962 4019 987 4084 I,
1010 4035 1039 4084 p.
1061 4021 1122 4074 812.
1147 4021 1247 4082 colaia·
1272 4023 1318 4074 ead
1343 4022 1424 4085 infru
1442 4033 1472 4072 se

306 4086 347 4150 II,
360 4089 387 4141 4.
404 4088 493 4139 eadem
511 4089 568 4151 fere
587 4089 712 4154 lecimus:
732 4091 805 4140 Acte
818 4094 881 4140 sunt
894 4091 985 4142 autem
1001 4088 1069 4142 haec
1079 4088 1144 4144 VH.
1157 4088 1274 4146 Kalend.
1287 4090 1424 4152 Octobris.

307 4157 335 4224 4)
353 4158 420 4209 Inde
434 4174 452 4208 a
467 4158 600 4210 dominica
612 4160 743 4225 proxima
758 4164 821 4227 post
838 4161 937 4223 festum
949 4159 1089 4213 Michaelis
1106 4163 1201 4228 incipit
1218 4163 1358 4215 heldamas
1375 4163 1424 4215 ilia

308 4229 359 4280 ‘dle
383 4230 499 4294 qemeina
522 4227 652 4295 Wochen',
680 4231 758 4281 cuius
783 4233 895 4296 aestiyia
920 4247 1002 4297 usque
1028 4232 1065 4282 ad
1093 4249 1159 4288 saec.
1187 4233 1268 4288 XVI.
1298 4241 1322 4286 et
1348 4233 1425 4286 ultra
