3196 4880
319 467 323 474 ,
349 395 385 449 as
799 391 1019 448 winuumm

280 578 490 642 oeasanetus
512 575 550 638 in
573 575 732 640 omnibus
753 576 912 660 operibus
929 577 999 640 suis
1010 577 1030 637 1.
1068 575 1216 659 Operam
1231 596 1328 640 suam
1344 575 1468 640 deinde

350 664 556 748 promittens
579 665 674 748 regie
701 668 821 729 contra
844 669 984 748 gentem
1007 657 1242 741 acerrimamb,
1274 665 1404 728 dextris
1431 664 1468 726 iu

351 753 483 817 caelum
517 753 679 817 elevatis⁰
714 755 854 837 pactum
889 754 1049 818 firmavit.
1101 753 1178 817 Tali
1211 753 1329 836 itaque
1366 757 1468 837 pacto

351 861 428 906 cum
465 841 593 926 populo
629 844 769 925 peraeto
804 843 936 906 dimisit
968 862 1029 906 rex
1062 842 1332 906 multitudinem.
1384 842 1468 906 Post

350 932 435 995 haec
473 929 581 1013 legati
616 926 869 1014 Ungariorum‘1
907 931 1069 995 adierunt
1106 951 1222 1014 regem
1260 951 1322 1014 pro
1356 930 1497 996 solitiss

350 1019 559 1096 muneribus,
595 1020 656 1083 sed
695 1019 738 1083 ab
774 1039 814 1083 eo
849 1020 957 1104 spreti
990 1021 1028 1084 in
1064 1023 1193 1085 terram
1232 1039 1329 1082 snam
1367 1019 1467 1083 vacui

279 1119 339 1171 933.
350 1111 450 1172 sunt⁰
478 1107 615 1172 reversi.
662 1107 759 1172 Haeo
787 1102 988 1173 audientesf
1015 1110 1156 1186 Avares,
1187 1108 1296 1172 nichil
1318 1108 1464 1172 moratig

350 1218 428 1260 cum
452 1197 548 1280 gravi
571 1196 758 1279 hostilique
786 1218 892 1262 manu
921 1198 1091 1262 festinant
1119 1198 1250 1261 intrare
1274 1196 1465 1261 Saxoniam.

349 1285 395 1348 Elt
417 1285 485 1349 iter
515 1288 655 1368 agentes
691 1279 772 1369 perh
801 1279 1075 1350 Dalamantiami
1112 1287 1155 1351 ab
1187 1286 1337 1369 antiquis
1367 1306 1465 1368 opem

348 1377 474 1458 petunt
498 1373 647 1438 amicisl.
687 1374 747 1438 Illi
770 1395 850 1440 vero
875 1376 1021 1440 scientes
1045 1395 1101 1440 eos
1124 1375 1290 1439 festinare
1306 1375 1350 1438 ad
1367 1374 1465 1438 Saxo·
1484 1395 1507 1432 ιο

349 1463 442 1526 niam
478 1457 718 1546 Saxonesquek
753 1465 797 1528 ad
836 1465 1061 1547 pugnandum
1096 1485 1174 1528 oum
1213 1457 1279 1528 eis¹
1317 1466 1463 1546 paratos,
1582 1473 1583 1476 ’

349 1551 612 1636 pinguissimum
647 1557 734 1636 prom
764 1573 906 1617 munere
941 1553 990 1616 eis
1025 1553 1199 1636 proiciunt
1233 1572 1364 1616 canem.
1421 1551 1465 1614 Et

349 1662 427 1704 cum
450 1662 519 1705 non
544 1644 633 1705 esset
656 1641 819 1706 iniuriam
842 1641 1040 1706 vindicandi
1064 1641 1160 1706 locus
1190 1641 1234 1706 ad
1258 1641 1362 1704 aliam
1386 1659 1464 1724 pug-

348 1751 429 1794 nam
466 1729 724 1808 festinantibus,
764 1751 841 1795 oum
880 1730 1068 1796 ridiculosa
1101 1731 1184 1794 satis
1219 1729 1464 1793 vociferatione

348 1818 485 1901 longius
508 1822 784 1902 prosequunturn
812 1819 949 1884 amicos.
1001 1819 1116 1903 Igitur
1145 1840 1247 1902 quam
1277 1821 1464 1902 potueruut
1483 1837 1505 1876 u

348 1907 529 1990 repentino
544 1907 667 1991 inpetu
682 1908 816 1971 intrant
832 1909 917 1972 fines
933 1908 1198 1991 Thuringorum,
1217 1907 1335 1970 illam⁰
1354 1910 1463 1971 totam

346 1998 477 2060 terram
499 1995 674 2060 hostiliter
697 2000 934 2079 pervagantes.
982 1996 1105 2080 Ibique
1128 1997 1246 2060 divisis
1274 1996 1376 2060 sociis
1406 1995 1464 2060 alii

348 2084 392 2147 ad
416 2083 630 2148 occidentem
653 2085 854 2169 pergebant,
879 2086 922 2150 ab
946 2086 1125 2151 occidente
1148 2089 1184 2150 et
1206 2084 1349 2149 meridie
1366 2084 1463 2148 Saxo·

347 2173 441 2236 niam
475 2176 679 2255 quaerentes
713 2174 853 2238 intrare.
916 2174 1004 2238 Sedp
1039 2175 1190 2240 Saxones
1224 2173 1354 2258 pariter
1388 2195 1463 2238 cum

347 2260 533 2345 Thuringis
568 2263 767 2346 congregati
804 2263 893 2327 inito
928 2284 1006 2327 cum
1041 2263 1090 2328 eis
1124 2261 1321 2338 certamine,
1358 2262 1463 2326 caesis
1478 2280 1502 2319 ao

348 2350 504 2428 ducibus,
529 2353 660 2415 ceteros
683 2350 777 2416 illius
797 2351 968 2418 exercitus
984 2351 1230 2416 occidentalis‘l
1252 2356 1333 2435 perr
1354 2352 1462 2414 totam

347 2438 444 2502 illam
466 2439 642 2522 regionem
666 2460 778 2504 errare
801 2440 970 2505 feceruut.
1013 2439 1166 2519 Quorum
1190 2438 1251 2505 alii
1272 2440 1366 2504 fame
1391 2461 1462 2504 con-

347 2529 486 2611 sumpti,
511 2528 590 2591 alii⁸
611 2528 740 2611 frigore
764 2529 933 2606 dissoluti,
959 2529 1020 2594 alii
1042 2533 1158 2593 autem
1183 2529 1273 2594 oaesi
1288 2528 1343 2593 vel
1360 2529 1461 2612 eapti,

346 2621 387 2680 ut
411 2617 507 2701 digni
531 2620 639 2694 erant,
671 2618 913 2682 miserabiliter
943 2619 1129 2701 perierunt.
1184 2615 1251 2696 Qui
1281 2620 1399 2682 autem
1428 2617 1462 2680 in

347 2706 480 2770 oriente
503 2707 668 2770 remansit
696 2707 866 2771 exercitus
896 2707 1030 2771 audivit
1053 2708 1096 2771 de
1120 2726 1233 2771 sorore
1253 2707 1352 2789 regis,
1377 2725 1461 2789 quae
1478 2726 1500 2765 n

347 2798 512 2879 nupserat
538 2795 702 2859 Widoni³
730 2792 928 2880 Thuringot
957 2829 1002 2840 —
1032 2799 1106 2859 erat
1136 2815 1283 2878 namque
1313 2795 1397 2858 illa¹¹
1424 2815 1461 2858 ex

347 2884 561 2948 conoubinav
587 2887 671 2948 nata
695 2917 746 2961 —‚
771 2885 853 2967 quia
875 2884 1023 2949 vicinam
1046 2884 1192 2948 urbemw
1214 2883 1459 2958 inhabitaret¹,

347 2975 382 3036 et
404 2972 516 3036 multa
539 2973 686 3056 pecunia
709 2973 740 3038 ei
764 2976 875 3037 essety
902 2974 977 3036 auri
1001 2976 1036 3039 et
1059 2972 1211 3055 argenti;
1241 2973 1335 3038 unde
1364 2975 1460 3036 tanta

345 3061 380 3124 vi
409 3061 528 3126 urbem
563 3061 781 3144 obpugnare²
811 3065 1029 3145 coeperantl,
1065 3065 1115 3139 ut,
1151 3061 1218 3124 nisi
1251 3081 1319 3126 nox
1353 3061 1458 3125 visum

346 3266 368 3317 a)
385 3267 434 3316 regi
448 3279 488 3310 orn.
502 3269 525 3310 0.
579 3267 603 3318 b)
621 3269 765 3318 asperrimam
780 3270 825 3311 131.
884 3267 905 3322 c)
923 3269 1004 3310 leuatis
1018 3271 1085 3313 Saxo.
1145 3267 1169 3319 d)
1183 3270 1322 3318 ungentum
1337 3268 1383 3311 1³2.
1397 3269 1460 3310 Saxo.
1475 3269 1498 3308 tt)

346 3321 367 3372 e)
385 3331 431 3359 rev.
447 3325 498 3360 sunt
511 3322 534 3363 Ο.
547 3322 610 3364 Frnt.
668 3321 822 3371 Oaudientes
837 3334 878 3367 om.
892 3321 939 3365 B1.
993 3325 1017 3374 g)
1035 3328 1093 3367 aunt.
1112 3324 1164 3363 edd.
1183 3324 1209 3366 Δ.
1263 3321 1288 3373 h)
1306 3332 1348 3372 per
1363 3321 1459 3365 om.B1.

346 3373 511 3422 poenantium
526 3374 575 3425 323
591 3375 735 3414 dalmantiam
749 3377 815 3420 Saxo.
883 3375 907 3427 k)
921 3387 1017 3416 saxones
1030 3379 1083 3426 (qne
1098 3377 1151 3428 om.)
1164 3379 1191 3419 A,
1257 3374 1274 3426 l)
1289 3385 1338 3415 esse
1352 3376 1404 3417 aad.
1416 3375 1460 3416 31.

345 3426 377 3478 m)
397 3427 429 3466 els
443 3438 484 3476 pro
498 3438 591 3467 munere
605 3429 632 3468 A.
713 3431 737 3477 n)
754 3435 902 3479 prosecuntur
916 3431 943 3478 A,
962 3431 1017 3468 mm
1035 3431 1095 3474 alibi.
1175 3428 1198 3481 o)
1216 3427 1286 3469 totam
1299 3428 1362 3468 illam
1380 3433 1460 3468 terram

346 3491 438 3531 peruag.
452 3481 527 3523 hostii.
540 3481 587 3520 B1.
656 3481 680 3532 p)
694 3481 738 3521 Sed
751 3493 793 3526 om.
806 3484 853 3527 31.
920 3484 944 3532 q)
957 3480 1107 3523 occidentales
1120 3483 1167 3527 B1.
1233 3481 1254 3534 r)
1267 3493 1392 3531 peraupra
1405 3483 1460 3518 lima

345 3545 453 3584 superem.
470 3535 520 3575 B1.
601 3537 621 3583 s)
639 3535 677 3574 alii
696 3546 737 3578 om.
755 3537 783 3578 Δ.
865 3539 883 3585 t)
901 3537 1057 3586 thuringorum
1076 3537 1125 3580 Bl.
1204 3536 1228 3584 u)
1246 3535 1286 3574 illa
1304 3545 1345 3578 om.
1360 3536 1383 3577 c.
1397 3535 1459 3575 sm.
1475 3533 1498 3574 u

345 3591 369 3636 v)
387 3599 438 3627 con·
453 3588 476 3626 tn
490 3589 536 3628 loco
550 3599 610 3638 raso,
627 3593 651 3626 ut
664 3589 755 3640 videtur,
770 3590 796 3632 Δ.
864 3592 894 3638 w)
912 3590 990 3629 urbem
1003 3601 1045 3629 om.
1061 3589 1085 3635 0.
1153 3587 1178 3639 x)
1195 3589 1348 3629 inhabitarent
1366 3590 1394 3632 A.
1411 3587 1459 3630 131.

345 3644 377 3732 pp!
387 3645 462 3682 esseut
476 3643 499 3684 0.
566 3640 587 3694 r)
606 3644 797 3692 expugnatam.
866 3643 888 3694 a)
906 3644 937 3682 sic
950 3644 978 3683 A.
992 3644 1040 3686 Bl.
1053 3644 1073 3686 Β.
1089 3642 1111 3686 G.
1126 3643 1193 3693 Suae,
1208 3641 1459 3692 cenommannica

374 3696 524 3745 artzscrepnt.

345 3872 371 3942 1)
398 3873 441 3937 Of.
467 3874 568 3928 Psalm.
593 3875 653 3937 144,
682 3875 729 3928 17:
765 3870 858 3927 Iustus
889 3872 1024 3927 Dominus
1055 3873 1085 3927 in
1117 3873 1242 3927 omnibus
1267 3872 1319 3926 viis
1351 3871 1406 3925 suis
1432 3874 1459 3923 et

344 3947 451 3996 sanctus
476 3943 505 3996 in
530 3943 656 3996 omnibus
681 3943 810 4013 operibus
835 3943 907 4012 suis,
933 3945 997 4000 ibid.
1023 3961 1046 4000 v.
1073 3948 1121 4001 13:
1147 3943 1249 3998 Fidelis
1273 3943 1407 3996 Dominus
1430 3941 1457 3993 in
1473 3949 1498 3987 4⁰
1575 3943 1577 4012 l

343 4013 470 4066 omnibus
487 4013 578 4066 verbis
596 4013 652 4066 suis
669 4018 698 4068 et
718 4018 827 4068 sauctus
852 4014 880 4067 in
906 4015 1032 4069 omnibus
1058 4015 1186 4084 operibns
1210 4014 1273 4069 suis.
1363 4013 1392 4084 2)
1418 4012 1456 4077 Cf.

342 4101 428 4152 supro
453 4099 474 4139 c.
494 4087 536 4139 17.
554 4087 598 4140 20.
688 4085 716 4153 3)
741 4087 782 4138 De
798 4087 915 4151 Widoae,
933 4089 990 4139 etta
1007 4103 1092 4140 uxore
1110 4092 1188 4154 atque
1211 4087 1276 4138 urbe
1300 4087 1367 4137 certi
1389 4082 1460 4136 ancl

343 4161 460 4218 maetam
484 4155 641 4222 Kirchhoffi
668 4157 869 4222 ‘Foraobunyen
889 4173 914 4211 z.
940 4158 974 4210 D.
1002 4156 1102 4212 Geruli!
1131 4157 1193 4222 VII,
1221 4173 1251 4223 p.
1273 4158 1326 4212 575
1347 4172 1411 4224 equ,
1434 4158 1457 4205 d
1576 4183 1577 4216 3

346 4227 432 4291 Volet,
452 4227 511 4278 ‘Die
535 4226 653 4278 delder
671 4228 792 4280 Chronilc
815 4228 872 4279 aad
895 4227 938 4279 die
962 4229 992 4279 ὄπ
1016 4227 1063 4280 aler
1086 4228 1250 4280 eatbaltnoen
1268 4223 1456 4292 Kaiseraapea'
1574 4221 1577 4272 l

342 4298 469 4362 (naam.
493 4297 663 4364 Hal.1879)
684 4317 713 4366 p.
731 4301 767 4354 33
779 4315 843 4366 sqq,
866 4299 897 4352 de
921 4298 1027 4350 cucullo
1052 4299 1205 4364 Jechaourp
1223 4315 1310 4366 prope
1330 4299 1456 4352 Suadere·
1471 4301 1495 4340 u
1574 4323 1576 4358 :

342 4367 443 4419 bouem
461 4370 647 4433 agitaverunt.
1574 4363 1576 4402 ³
