<?xml version="1.0" encoding="UTF-8"?>
<!DOCTYPE html PUBLIC "-//W3C//DTD XHTML 1.0 Transitional//EN"
    "http://www.w3.org/TR/xhtml1/DTD/xhtml1-transitional.dtd">
<html xmlns="http://www.w3.org/1999/xhtml" xml:lang="en" lang="en">
 <head>
  <title>
</title>
<meta http-equiv="Content-Type" content="text/html;charset=utf-8" />
  <meta name='ocr-system' content='tesseract 3.04.00' />
  <meta name='ocr-capabilities' content='ocr_page ocr_carea ocr_par ocr_line ocrx_word'/>
</head>
<body>
  <div class='ocr_page' id='page_1' title='image "./widukindimonach00egggoog_0032.png"; bbox 0 0 3178 4880; ppageno 0'>
   <div class='ocr_carea' id='block_1_1' title="bbox 275 295 950 363">
    <p class='ocr_par' dir='ltr' id='par_1_1' title="bbox 275 295 950 363">
     <span class='ocr_line' id='line_1_1' title="bbox 275 295 950 363; baseline 0 -9"><span class='ocrx_word' id='word_1_1' title='bbox 275 297 381 354; x_wconf 84' lang='lat' dir='ltr'>XVIH</span> <span class='ocrx_word' id='word_1_2' title='bbox 721 295 950 363; x_wconf 74' lang='lat' dir='ltr'>PRAEFATIO.</span> 
     </span>
    </p>
   </div>
   <div class='ocr_carea' id='block_1_2' title="bbox 273 478 1398 651">
    <p class='ocr_par' dir='ltr' id='par_1_2' title="bbox 273 478 1398 651">
     <span class='ocr_line' id='line_1_2' title="bbox 276 478 1398 561; baseline 0.001 -16"><span class='ocrx_word' id='word_1_3' title='bbox 276 479 425 546; x_wconf 89' lang='lat' dir='ltr'><em>dictionis</em></span> <span class='ocrx_word' id='word_1_4' title='bbox 447 479 641 546; x_wconf 83' lang='lat' dir='ltr'><em>Widnioindi</em></span> <span class='ocrx_word' id='word_1_5' title='bbox 659 478 813 561; x_wconf 85' lang='lat' dir='ltr'><em>propriae</em></span> <span class='ocrx_word' id='word_1_6' title='bbox 835 478 968 561; x_wconf 85' lang='lat' dir='ltr'><em>oestipio</em></span> <span class='ocrx_word' id='word_1_7' title='bbox 992 499 1166 560; x_wconf 71' lang='lat' dir='ltr'><em>opnoecos,</em></span> <span class='ocrx_word' id='word_1_8' title='bbox 1194 500 1293 561; x_wconf 74' lang='lat' dir='ltr'><em>neone</em></span> <span class='ocrx_word' id='word_1_9' title='bbox 1323 487 1398 546; x_wconf 86' lang='lat' dir='ltr'><em>sant</em></span> 
     </span>
     <span class='ocr_line' id='line_1_3' title="bbox 273 566 1395 651; baseline 0.005 -23"><span class='ocrx_word' id='word_1_10' title='bbox 273 589 357 651; x_wconf 70' lang='lat' dir='ltr'><em>qnae</em></span> <span class='ocrx_word' id='word_1_11' title='bbox 386 570 425 634; x_wconf 83' lang='lat' dir='ltr'><em>ab</em></span> <span class='ocrx_word' id='word_1_12' title='bbox 456 568 524 634; x_wconf 87' lang='lat' dir='ltr'><em>eine</em></span> <span class='ocrx_word' id='word_1_13' title='bbox 553 575 654 634; x_wconf 85' lang='lat' dir='ltr'><em>aetate</em></span> <span class='ocrx_word' id='word_1_14' title='bbox 683 569 731 633; x_wconf 89' lang='lat' dir='ltr'><em>rel</em></span> <span class='ocrx_word' id='word_1_15' title='bbox 760 566 890 650; x_wconf 82' lang='lat' dir='ltr'><em>inpenio</em></span> <span class='ocrx_word' id='word_1_16' title='bbox 920 567 1029 632; x_wconf 87' lang='lat' dir='ltr'><em>alieno</em></span> <span class='ocrx_word' id='word_1_17' title='bbox 1059 567 1200 633; x_wconf 86' lang='lat' dir='ltr'><em>indicari</em></span> <span class='ocrx_word' id='word_1_18' title='bbox 1234 569 1395 634; x_wconf 79' lang='lat' dir='ltr'><em>debeant1.</em></span> 
     </span>
    </p>
   </div>
   <div class='ocr_carea' id='block_1_3' title="bbox 274 795 1445 4337">
    <p class='ocr_par' dir='ltr' id='par_1_3' title="bbox 274 795 1429 1006">
     <span class='ocr_line' id='line_1_4' title="bbox 274 795 1397 864; baseline -0.001 -14"><span class='ocrx_word' id='word_1_19' title='bbox 274 813 330 850; x_wconf 87' lang='lat' dir='ltr'><em>non</em></span> <span class='ocrx_word' id='word_1_20' title='bbox 348 805 393 861; x_wconf 88' lang='lat' dir='ltr'><em>est,</em></span> <span class='ocrx_word' id='word_1_21' title='bbox 412 797 482 864; x_wconf 81' lang='lat' dir='ltr'><em>qaod</em></span> <span class='ocrx_word' id='word_1_22' title='bbox 500 797 618 848; x_wconf 86' lang='lat' dir='ltr'><em>mireris.</em></span> <span class='ocrx_word' id='word_1_23' title='bbox 655 796 777 847; x_wconf 82' lang='lat' dir='ltr'><em>Eundem</em></span> <span class='ocrx_word' id='word_1_24' title='bbox 796 799 922 847; x_wconf 85' lang='lat' dir='ltr'><em>ornatam</em></span> <span class='ocrx_word' id='word_1_25' title='bbox 940 796 1042 846; x_wconf 86' lang='lat' dir='ltr'><em>incenis</em></span> <span class='ocrx_word' id='word_1_26' title='bbox 1059 796 1139 847; x_wconf 84' lang='lat' dir='ltr'><em>etiam</em></span> <span class='ocrx_word' id='word_1_27' title='bbox 1157 795 1221 846; x_wconf 88' lang='lat' dir='ltr'><em>aliis</em></span> <span class='ocrx_word' id='word_1_28' title='bbox 1234 796 1298 848; x_wconf 85' lang='lat' dir='ltr'><em>iocis</em></span> <span class='ocrx_word' id='word_1_29' title='bbox 1310 799 1397 863; x_wconf 85' lang='lat' dir='ltr'><em>ipsias</em></span> 
     </span>
     <span class='ocr_line' id='line_1_5' title="bbox 277 865 1429 1006; baseline -0.004 -16"><span class='ocrx_word' id='word_1_30' title='bbox 277 876 381 936; x_wconf 54' lang='lat' dir='ltr'><em>mm,</em></span> <span class='ocrx_word' id='word_1_31' title='bbox 400 867 834 1006; x_wconf 46' lang='lat' dir='ltr'><em>maxiiieniiinsiiiiitiiiiiiuiiniiii:</em></span> <span class='ocrx_word' id='word_1_32' title='bbox 852 865 928 988; x_wconf 66' lang='lat' dir='ltr'><em>‘Iiasii</em></span> <span class='ocrx_word' id='word_1_33' title='bbox 938 935 1034 1005; x_wconf 79' lang='lat' dir='ltr'><em>ingene</em></span> <span class='ocrx_word' id='word_1_34' title='bbox 1053 951 1150 988; x_wconf 90' lang='lat' dir='ltr'><em>aurum</em></span> <span class='ocrx_word' id='word_1_35' title='bbox 1415 945 1429 985; x_wconf 73' lang='lat' dir='ltr'><em>a</em></span> 
     </span>
    </p>

    <p class='ocr_par' dir='ltr' id='par_1_4' title="bbox 473 1006 969 1062">
     <span class='ocr_line' id='line_1_6' title="bbox 473 1006 969 1062; baseline -0.002 0"><span class='ocrx_word' id='word_1_36' title='bbox 473 1009 545 1062; x_wconf 89' lang='lat' dir='ltr'><em>circe</em></span> <span class='ocrx_word' id='word_1_37' title='bbox 563 1012 642 1060; x_wconf 84' lang='lat' dir='ltr'><em>tuum</em></span> <span class='ocrx_word' id='word_1_38' title='bbox 661 1006 818 1060; x_wconf 83' lang='lat' dir='ltr'><em>famelicum</em></span> <span class='ocrx_word' id='word_1_39' title='bbox 837 1007 969 1062; x_wconf 73' lang='lat' dir='ltr'><em>collumi&#39;</em></span> 
     </span>
    </p>

    <p class='ocr_par' dir='ltr' id='par_1_5' title="bbox 474 1077 922 1148">
     <span class='ocr_line' id='line_1_7' title="bbox 474 1077 922 1148; baseline -0.004 -16"><span class='ocrx_word' id='word_1_40' title='bbox 474 1077 662 1148; x_wconf 76' lang='lat' dir='ltr'><em>‘Emptorem&#39;,</em></span> <span class='ocrx_word' id='word_1_41' title='bbox 681 1077 777 1147; x_wconf 89' lang='lat' dir='ltr'><em>inquit,</em></span> <span class='ocrx_word' id='word_1_42' title='bbox 797 1081 922 1146; x_wconf 83' lang='lat' dir='ltr'><em>‘quaer03</em></span> 
     </span>
    </p>

    <p class='ocr_par' dir='ltr' id='par_1_6' title="bbox 473 1147 1059 1217">
     <span class='ocr_line' id='line_1_8' title="bbox 473 1147 1059 1217; baseline -0.002 -14"><span class='ocrx_word' id='word_1_43' title='bbox 473 1149 507 1204; x_wconf 90' lang='lat' dir='ltr'><em>ad</em></span> <span class='ocrx_word' id='word_1_44' title='bbox 525 1149 610 1203; x_wconf 79' lang='lat' dir='ltr'><strong>nichil</strong></span> <span class='ocrx_word' id='word_1_45' title='bbox 630 1149 704 1202; x_wconf 87' lang='lat' dir='ltr'><em>aliud</em></span> <span class='ocrx_word' id='word_1_46' title='bbox 723 1147 795 1202; x_wconf 85' lang='lat' dir='ltr'><em>istud</em></span> <span class='ocrx_word' id='word_1_47' title='bbox 814 1165 911 1202; x_wconf 85' lang='lat' dir='ltr'><em>aarum</em></span> <span class='ocrx_word' id='word_1_48' title='bbox 929 1148 1004 1217; x_wconf 72' lang='lat' dir='ltr'><em>gero*</em></span> <span class='ocrx_word' id='word_1_49' title='bbox 1024 1180 1059 1190; x_wconf 86' lang='lat'><em>-</em></span> 
     </span>
    </p>

    <p class='ocr_par' dir='ltr' id='par_1_7' title="bbox 327 1262 1444 1344">
     <span class='ocr_line' id='line_1_9' title="bbox 327 1262 1444 1344; baseline -0.005 1"><span class='ocrx_word' id='word_1_50' title='bbox 327 1262 335 1289; x_wconf 82' lang='lat'><em>⁷</em></span> <span class='ocrx_word' id='word_1_51' title='bbox 474 1291 514 1344; x_wconf 79' lang='lat' dir='ltr'><em>At</em></span> <span class='ocrx_word' id='word_1_52' title='bbox 531 1289 593 1343; x_wconf 70' lang='lat' dir='ltr'><em>fias</em></span> <span class='ocrx_word' id='word_1_53' title='bbox 611 1290 699 1344; x_wconf 72' lang='lat' dir='ltr'><em>osvius</em></span> <span class='ocrx_word' id='word_1_54' title='bbox 717 1289 783 1343; x_wconf 71' lang='lat' dir='ltr'><em>bein</em></span> <span class='ocrx_word' id='word_1_55' title='bbox 1417 1299 1444 1339; x_wconf 79' lang='grc' dir='ltr'><em>ιο</em></span> 
     </span>
    </p>

    <p class='ocr_par' dir='ltr' id='par_1_8' title="bbox 275 1360 1445 4337">
     <span class='ocr_line' id='line_1_10' title="bbox 473 1360 771 1417; baseline 0.01 -3"><span class='ocrx_word' id='word_1_56' title='bbox 473 1362 606 1414; x_wconf 86' lang='lat' dir='ltr'><em>terminus</em></span> <span class='ocrx_word' id='word_1_57' title='bbox 624 1361 659 1414; x_wconf 87' lang='lat' dir='ltr'><em>sit</em></span> <span class='ocrx_word' id='word_1_58' title='bbox 676 1360 771 1417; x_wconf 84' lang='lat' dir='ltr'>libelli.</span> 
     </span>
     <span class='ocr_line' id='line_1_11' title="bbox 280 1431 1398 1504; baseline -0.002 -18"><span class='ocrx_word' id='word_1_59' title='bbox 280 1436 307 1504; x_wconf 87' lang='lat'><em>1)</em></span> <span class='ocrx_word' id='word_1_60' title='bbox 325 1436 519 1486; x_wconf 87' lang='lat' dir='ltr'><em>Narrationem</em></span> <span class='ocrx_word' id='word_1_61' title='bbox 537 1435 632 1486; x_wconf 85' lang='lat' dir='ltr'><em>codicis</em></span> <span class='ocrx_word' id='word_1_62' title='bbox 651 1436 676 1484; x_wconf 82' lang='lat' dir='ltr'><strong><em>A</em></strong></span> <span class='ocrx_word' id='word_1_63' title='bbox 695 1433 725 1486; x_wconf 85' lang='lat' dir='ltr'><em>de</em></span> <span class='ocrx_word' id='word_1_64' title='bbox 743 1433 850 1484; x_wconf 77' lang='lat' dir='ltr'><em>insidiis</em></span> <span class='ocrx_word' id='word_1_65' title='bbox 868 1431 996 1484; x_wconf 84' lang='lat' dir='ltr'><em>Heinrico</em></span> <span class='ocrx_word' id='word_1_66' title='bbox 1010 1435 1121 1499; x_wconf 89' lang='lat' dir='ltr'><em>paratis</em></span> <span class='ocrx_word' id='word_1_67' title='bbox 1139 1435 1219 1499; x_wconf 77' lang='lat' dir='ltr'><em>qnasi</em></span> <span class='ocrx_word' id='word_1_68' title='bbox 1236 1435 1352 1485; x_wconf 80' lang='lat' dir='ltr'><em>ieiunam</em></span> <span class='ocrx_word' id='word_1_69' title='bbox 1374 1440 1398 1484; x_wconf 85' lang='lat' dir='ltr'><em>et</em></span> 
     </span>
     <span class='ocr_line' id='line_1_12' title="bbox 278 1503 1398 1570; baseline -0.004 -11"><span class='ocrx_word' id='word_1_70' title='bbox 278 1509 360 1559; x_wconf 87' lang='lat' dir='ltr'><em>nimis</em></span> <span class='ocrx_word' id='word_1_71' title='bbox 378 1506 502 1558; x_wconf 87' lang='lat' dir='ltr'><em>timidam</em></span> <span class='ocrx_word' id='word_1_72' title='bbox 520 1506 604 1556; x_wconf 85' lang='lat' dir='ltr'><em>atiani</em></span> <span class='ocrx_word' id='word_1_73' title='bbox 619 1503 792 1570; x_wconf 83' lang='lat' dir='ltr'><em>Mopnntinae</em></span> <span class='ocrx_word' id='word_1_74' title='bbox 811 1505 919 1555; x_wconf 86' lang='lat' dir='ltr'><em>diocesis</em></span> <span class='ocrx_word' id='word_1_75' title='bbox 937 1504 1038 1556; x_wconf 87' lang='lat' dir='ltr'><em>scribae</em></span> <span class='ocrx_word' id='word_1_76' title='bbox 1056 1505 1225 1556; x_wconf 77' lang='lat' dir='ltr'><em>tribuendam</em></span> <span class='ocrx_word' id='word_1_77' title='bbox 1243 1519 1295 1556; x_wconf 87' lang='lat' dir='ltr'><em>esee</em></span> <span class='ocrx_word' id='word_1_78' title='bbox 1310 1503 1398 1555; x_wconf 80' lang='lat' dir='ltr'><em>Wnitz</em></span> 
     </span>
     <span class='ocr_line' id='line_1_13' title="bbox 279 1572 1398 1639; baseline -0.004 -9"><span class='ocrx_word' id='word_1_79' title='bbox 279 1595 305 1633; x_wconf 88' lang='lat' dir='ltr'><em>a.</em></span> <span class='ocrx_word' id='word_1_80' title='bbox 326 1579 404 1632; x_wconf 88' lang='grc'><strong>1839.</strong></span> <span class='ocrx_word' id='word_1_81' title='bbox 422 1578 534 1638; x_wconf 70' lang='lat' dir='ltr'><em>statuit,</em></span> <span class='ocrx_word' id='word_1_82' title='bbox 552 1576 597 1626; x_wconf 92' lang='lat' dir='ltr'><em>sed</em></span> <span class='ocrx_word' id='word_1_83' title='bbox 614 1577 670 1626; x_wconf 88' lang='lat' dir='ltr'><em>iam</em></span> <span class='ocrx_word' id='word_1_84' title='bbox 689 1575 712 1629; x_wconf 85' lang='lat' dir='ltr'><em>b.</em></span> <span class='ocrx_word' id='word_1_85' title='bbox 732 1591 765 1628; x_wconf 83' lang='lat' dir='ltr'><em>ne.</em></span> <span class='ocrx_word' id='word_1_86' title='bbox 787 1575 818 1629; x_wconf 81' lang='lat' dir='ltr'><em>G.</em></span> <span class='ocrx_word' id='word_1_87' title='bbox 836 1575 872 1628; x_wconf 88' lang='lat' dir='ltr'><em>H.</em></span> <span class='ocrx_word' id='word_1_88' title='bbox 887 1572 967 1626; x_wconf 77' lang='lat' dir='ltr'><em>Pata</em></span> <span class='ocrx_word' id='word_1_89' title='bbox 986 1579 1103 1630; x_wconf 83' lang='lat' dir='ltr'><em>rnonmit:</em></span> <span class='ocrx_word' id='word_1_90' title='bbox 1122 1575 1307 1639; x_wconf 69' lang='lat' dir='ltr'><em>‘Wetimleindm</em></span> <span class='ocrx_word' id='word_1_91' title='bbox 1326 1581 1349 1626; x_wconf 91' lang='lat' dir='ltr'><em>et</em></span> <span class='ocrx_word' id='word_1_92' title='bbox 1367 1577 1398 1626; x_wconf 85' lang='lat' dir='ltr'><em>in</em></span> 
     </span>
     <span class='ocr_line' id='line_1_14' title="bbox 278 1645 1444 1715; baseline -0.006 -15"><span class='ocrx_word' id='word_1_93' title='bbox 278 1649 364 1715; x_wconf 86' lang='lat' dir='ltr'><em>calpis</em></span> <span class='ocrx_word' id='word_1_94' title='bbox 376 1648 530 1699; x_wconf 82' lang='lat' dir='ltr'><em>Fritlmrici</em></span> <span class='ocrx_word' id='word_1_95' title='bbox 547 1646 743 1714; x_wconf 77' lang='lat' dir='ltr'><em>archiepiscopi</em></span> <span class='ocrx_word' id='word_1_96' title='bbox 753 1645 873 1712; x_wconf 82' lang='lat' dir='ltr'><em>Mopnnt.</em></span> <span class='ocrx_word' id='word_1_97' title='bbox 893 1647 1055 1698; x_wconf 68' lang='lat' dir='ltr'><em>recensendis</em></span> <span class='ocrx_word' id='word_1_98' title='bbox 1073 1647 1157 1698; x_wconf 89' lang='lat' dir='ltr'><em>nimis</em></span> <span class='ocrx_word' id='word_1_99' title='bbox 1174 1647 1275 1712; x_wconf 86' lang='lat' dir='ltr'><em>timido,</em></span> <span class='ocrx_word' id='word_1_100' title='bbox 1295 1662 1399 1698; x_wconf 90' lang='lat' dir='ltr'><em>narra·</em></span> <span class='ocrx_word' id='word_1_101' title='bbox 1417 1654 1444 1694; x_wconf 79' lang='lat'><em>15</em></span> 
     </span>
     <span class='ocr_line' id='line_1_15' title="bbox 278 1716 1399 1784; baseline -0.001 -13"><span class='ocrx_word' id='word_1_102' title='bbox 278 1722 375 1773; x_wconf 87' lang='lat' dir='ltr'><em>tionem</em></span> <span class='ocrx_word' id='word_1_103' title='bbox 392 1720 550 1772; x_wconf 82' lang='lat' dir='ltr'><em>recensionis</em></span> <span class='ocrx_word' id='word_1_104' title='bbox 571 1719 680 1784; x_wconf 90' lang='lat' dir='ltr'><em>primae</em></span> <span class='ocrx_word' id='word_1_105' title='bbox 705 1719 736 1768; x_wconf 88' lang='lat' dir='ltr'><em>de</em></span> <span class='ocrx_word' id='word_1_106' title='bbox 755 1716 879 1780; x_wconf 71' lang='lat' dir='ltr'><em>Hattone</em></span> <span class='ocrx_word' id='word_1_107' title='bbox 905 1723 970 1770; x_wconf 87' lang='lat' dir='ltr'><em>certe</em></span> <span class='ocrx_word' id='word_1_108' title='bbox 995 1719 1081 1784; x_wconf 82' lang='lat' dir='ltr'><em>mepte</em></span> <span class='ocrx_word' id='word_1_109' title='bbox 1105 1719 1224 1769; x_wconf 81' lang='lat' dir='ltr'><em>ieiunam</em></span> <span class='ocrx_word' id='word_1_110' title='bbox 1249 1732 1330 1784; x_wconf 83' lang='lat' dir='ltr'><em>qnam</em></span> <span class='ocrx_word' id='word_1_111' title='bbox 1355 1733 1399 1770; x_wconf 84' lang='lat' dir='ltr'><em>res</em></span> 
     </span>
     <span class='ocr_line' id='line_1_16' title="bbox 275 1787 1397 1858; baseline 0 -17"><span class='ocrx_word' id='word_1_112' title='bbox 275 1789 444 1858; x_wconf 76' lang='lat' dir='ltr'><em>postulabat,</em></span> <span class='ocrx_word' id='word_1_113' title='bbox 474 1790 518 1842; x_wconf 89' lang='lat' dir='ltr'><em>sed</em></span> <span class='ocrx_word' id='word_1_114' title='bbox 546 1789 599 1840; x_wconf 89' lang='lat' dir='ltr'><em>ioco</em></span> <span class='ocrx_word' id='word_1_115' title='bbox 625 1789 738 1840; x_wconf 81' lang='lat' dir='ltr'><em>Caesada</em></span> <span class='ocrx_word' id='word_1_116' title='bbox 763 1788 881 1840; x_wconf 90' lang='lat' dir='ltr'><em>indicato</em></span> <span class='ocrx_word' id='word_1_117' title='bbox 907 1788 1045 1852; x_wconf 87' lang='lat' dir='ltr'><em>ditiorem,</em></span> <span class='ocrx_word' id='word_1_118' title='bbox 1073 1789 1147 1839; x_wconf 74' lang='lat' dir='ltr'><em>hand</em></span> <span class='ocrx_word' id='word_1_119' title='bbox 1173 1787 1397 1841; x_wconf 83' lang='lat' dir='ltr'><em>abiadicamrim&#39;.</em></span> 
     </span>
     <span class='ocr_line' id='line_1_17' title="bbox 279 1859 1397 1926; baseline 0.002 -14"><span class='ocrx_word' id='word_1_120' title='bbox 279 1862 354 1913; x_wconf 93' lang='lat' dir='ltr'><em>Idem</em></span> <span class='ocrx_word' id='word_1_121' title='bbox 376 1868 467 1926; x_wconf 87' lang='lat' dir='ltr'><em>postea</em></span> <span class='ocrx_word' id='word_1_122' title='bbox 486 1859 580 1926; x_wconf 81' lang='lat' dir='ltr'><em>Ko&#39;plee</em></span> <span class='ocrx_word' id='word_1_123' title='bbox 601 1876 630 1926; x_wconf 91' lang='lat' dir='ltr'><em>p.</em></span> <span class='ocrx_word' id='word_1_124' title='bbox 650 1862 734 1925; x_wconf 80' lang='lat' dir='ltr'><em>25sq.</em></span> <span class='ocrx_word' id='word_1_125' title='bbox 760 1866 783 1910; x_wconf 88' lang='lat' dir='ltr'><em>at</em></span> <span class='ocrx_word' id='word_1_126' title='bbox 801 1859 890 1909; x_wconf 87' lang='lat' dir='ltr'><em>Raase</em></span> <span class='ocrx_word' id='word_1_127' title='bbox 911 1875 941 1925; x_wconf 91' lang='lat' dir='ltr'><em>p.</em></span> <span class='ocrx_word' id='word_1_128' title='bbox 961 1861 1002 1913; x_wconf 85' lang='lat'><em>17.</em></span> <span class='ocrx_word' id='word_1_129' title='bbox 1030 1865 1052 1910; x_wconf 89' lang='lat' dir='ltr'><em>ct</em></span> <span class='ocrx_word' id='word_1_130' title='bbox 1077 1861 1133 1925; x_wconf 91' lang='lat' dir='ltr'><em>ipse</em></span> <span class='ocrx_word' id='word_1_131' title='bbox 1151 1859 1183 1913; x_wconf 81' lang='lat' dir='ltr'><em>G.</em></span> <span class='ocrx_word' id='word_1_132' title='bbox 1201 1860 1290 1911; x_wconf 79' lang='lat' dir='ltr'><em>Waitz</em></span> <span class='ocrx_word' id='word_1_133' title='bbox 1314 1861 1353 1914; x_wconf 88' lang='lat' dir='ltr'><em>ed.</em></span> <span class='ocrx_word' id='word_1_134' title='bbox 1372 1863 1397 1914; x_wconf 87' lang='lat'><em>3.</em></span> 
     </span>
     <span class='ocr_line' id='line_1_18' title="bbox 277 1929 1399 1999; baseline -0.002 -16"><span class='ocrx_word' id='word_1_135' title='bbox 277 1950 307 1999; x_wconf 91' lang='lat' dir='ltr'><em>p.</em></span> <span class='ocrx_word' id='word_1_136' title='bbox 324 1931 376 1985; x_wconf 86' lang='lat' dir='ltr'><em>XI.</em></span> <span class='ocrx_word' id='word_1_137' title='bbox 395 1948 420 1986; x_wconf 88' lang='lat' dir='ltr'><em>a.</em></span> <span class='ocrx_word' id='word_1_138' title='bbox 439 1933 516 1986; x_wconf 83' lang='grc'><em>1882.</em></span> <span class='ocrx_word' id='word_1_139' title='bbox 536 1931 735 1996; x_wconf 75' lang='lat' dir='ltr'><em>probaverunt,-</em></span> <span class='ocrx_word' id='word_1_140' title='bbox 753 1929 933 1992; x_wconf 81' lang='lat' dir='ltr'><em>Wattenbach,</em></span> <span class='ocrx_word' id='word_1_141' title='bbox 953 1929 1054 1993; x_wconf 70' lang='lat' dir='ltr'><em>‘Deo’</em></span> <span class='ocrx_word' id='word_1_142' title='bbox 1073 1931 1112 1984; x_wconf 84' lang='lat' dir='ltr'><em>cd.</em></span> <span class='ocrx_word' id='word_1_143' title='bbox 1133 1933 1156 1985; x_wconf 87' lang='grc'><em>6.</em></span> <span class='ocrx_word' id='word_1_144' title='bbox 1175 1930 1200 1996; x_wconf 91' lang='grc' dir='ltr'><em>Ι,</em></span> <span class='ocrx_word' id='word_1_145' title='bbox 1217 1949 1244 1998; x_wconf 91' lang='lat' dir='ltr'><em>p.</em></span> <span class='ocrx_word' id='word_1_146' title='bbox 1262 1933 1323 1995; x_wconf 87' lang='grc'><strong>332,</strong></span> <span class='ocrx_word' id='word_1_147' title='bbox 1342 1947 1399 1982; x_wconf 90' lang='lat' dir='ltr'><em>rem</em></span> 
     </span>
     <span class='ocr_line' id='line_1_19' title="bbox 279 1999 1445 2067; baseline -0.002 -16"><span class='ocrx_word' id='word_1_148' title='bbox 279 2005 308 2054; x_wconf 86' lang='lat' dir='ltr'><em>in</em></span> <span class='ocrx_word' id='word_1_149' title='bbox 335 2003 420 2053; x_wconf 89' lang='lat' dir='ltr'><em>medio</em></span> <span class='ocrx_word' id='word_1_150' title='bbox 445 2002 568 2067; x_wconf 79' lang='lat' dir='ltr'><em>reiiqait;</em></span> <span class='ocrx_word' id='word_1_151' title='bbox 596 2002 640 2053; x_wconf 87' lang='lat' dir='ltr'><em>sed</em></span> <span class='ocrx_word' id='word_1_152' title='bbox 664 1999 839 2064; x_wconf 89' lang='lat' dir='ltr'><em>Heidemann,</em></span> <span class='ocrx_word' id='word_1_153' title='bbox 868 2001 961 2052; x_wconf 82' lang='lat' dir='ltr'><em>‘Hatto</em></span> <span class='ocrx_word' id='word_1_154' title='bbox 986 2001 1010 2064; x_wconf 90' lang='lat' dir='ltr'><em>I,</em></span> <span class='ocrx_word' id='word_1_155' title='bbox 1035 2001 1196 2066; x_wconf 64' lang='grc' dir='ltr'><em>Ενιόἰιιὶιιῖ</em></span> <span class='ocrx_word' id='word_1_156' title='bbox 1218 2017 1267 2054; x_wconf 88' lang='lat' dir='ltr'><em>oon</em></span> <span class='ocrx_word' id='word_1_157' title='bbox 1293 2000 1398 2053; x_wconf 79' lang='lat' dir='ltr'><em>Mainz&#39;</em></span> <span class='ocrx_word' id='word_1_158' title='bbox 1417 2009 1445 2049; x_wconf 76' lang='lat' dir='ltr'><em>no</em></span> 
     </span>
     <span class='ocr_line' id='line_1_20' title="bbox 277 2071 1399 2140; baseline 0.001 -17"><span class='ocrx_word' id='word_1_159' title='bbox 277 2090 306 2140; x_wconf 88' lang='lat' dir='ltr'><em>p.</em></span> <span class='ocrx_word' id='word_1_160' title='bbox 326 2076 369 2138; x_wconf 82' lang='lat'><em>35,</em></span> <span class='ocrx_word' id='word_1_161' title='bbox 396 2089 423 2126; x_wconf 91' lang='lat' dir='ltr'><em>n.</em></span> <span class='ocrx_word' id='word_1_162' title='bbox 442 2075 468 2137; x_wconf 75' lang='grc' dir='ltr'><em>ὅ,</em></span> <span class='ocrx_word' id='word_1_163' title='bbox 495 2087 525 2122; x_wconf 91' lang='lat' dir='ltr'><em>ac</em></span> <span class='ocrx_word' id='word_1_164' title='bbox 543 2071 657 2135; x_wconf 79' lang='lat' dir='ltr'><em>Sineson,</em></span> <span class='ocrx_word' id='word_1_165' title='bbox 682 2072 726 2126; x_wconf 86' lang='lat' dir='ltr'><em>‘N.</em></span> <span class='ocrx_word' id='word_1_166' title='bbox 745 2071 859 2123; x_wconf 82' lang='lat' dir='ltr'><em>Archio’</em></span> <span class='ocrx_word' id='word_1_167' title='bbox 878 2071 942 2137; x_wconf 86' lang='lat' dir='ltr'><em>XV,</em></span> <span class='ocrx_word' id='word_1_168' title='bbox 966 2089 995 2138; x_wconf 86' lang='lat' dir='ltr'><em>p.</em></span> <span class='ocrx_word' id='word_1_169' title='bbox 1015 2074 1076 2138; x_wconf 78' lang='lat'><em>568,</em></span> <span class='ocrx_word' id='word_1_170' title='bbox 1095 2074 1135 2139; x_wconf 92' lang='lat' dir='ltr'><em>[et</em></span> <span class='ocrx_word' id='word_1_171' title='bbox 1153 2073 1186 2127; x_wconf 83' lang='lat' dir='ltr'><em>E.</em></span> <span class='ocrx_word' id='word_1_172' title='bbox 1205 2073 1345 2124; x_wconf 81' lang='lat' dir='ltr'><em>Dimmier</em></span> <span class='ocrx_word' id='word_1_173' title='bbox 1369 2077 1399 2124; x_wconf 92' lang='lat' dir='ltr'><em>in</em></span> 
     </span>
     <span class='ocr_line' id='line_1_21' title="bbox 288 2142 1398 2210; baseline 0.005 -16"><span class='ocrx_word' id='word_1_174' title='bbox 288 2143 381 2207; x_wconf 64' lang='lat' dir='ltr'><em>Deo)</em></span> <span class='ocrx_word' id='word_1_175' title='bbox 402 2145 440 2195; x_wconf 92' lang='lat' dir='ltr'><em>ed.</em></span> <span class='ocrx_word' id='word_1_176' title='bbox 457 2147 481 2198; x_wconf 82' lang='lat'><em>7.</em></span> <span class='ocrx_word' id='word_1_177' title='bbox 500 2143 525 2208; x_wconf 92' lang='lat' dir='ltr'><em>I,</em></span> <span class='ocrx_word' id='word_1_178' title='bbox 548 2161 575 2210; x_wconf 89' lang='lat' dir='ltr'><em>p.</em></span> <span class='ocrx_word' id='word_1_179' title='bbox 596 2143 657 2207; x_wconf 87' lang='grc'><em>368,</em></span> <span class='ocrx_word' id='word_1_180' title='bbox 682 2159 708 2197; x_wconf 86' lang='lat' dir='ltr'><em>n.</em></span> <span class='ocrx_word' id='word_1_181' title='bbox 728 2143 759 2208; x_wconf 87' lang='grc'><em>2]</em></span> <span class='ocrx_word' id='word_1_182' title='bbox 786 2144 870 2194; x_wconf 88' lang='lat' dir='ltr'><em>iocnm</em></span> <span class='ocrx_word' id='word_1_183' title='bbox 894 2142 1056 2194; x_wconf 82' lang='lat' dir='ltr'><em>Widnieirnlo</em></span> <span class='ocrx_word' id='word_1_184' title='bbox 1081 2145 1178 2196; x_wconf 83' lang='lat' dir='ltr'><em>iterum</em></span> <span class='ocrx_word' id='word_1_185' title='bbox 1202 2143 1398 2199; x_wconf 78' lang='lat' dir='ltr'><em>abiudicarunt.</em></span> 
     </span>
     <span class='ocr_line' id='line_1_22' title="bbox 282 2214 1399 2280; baseline 0 -14"><span class='ocrx_word' id='word_1_186' title='bbox 282 2215 342 2280; x_wconf 80' lang='lat' dir='ltr'><em>Epo</em></span> <span class='ocrx_word' id='word_1_187' title='bbox 367 2215 436 2266; x_wconf 82' lang='lat' dir='ltr'><em>hone</em></span> <span class='ocrx_word' id='word_1_188' title='bbox 461 2229 561 2280; x_wconf 79' lang='lat' dir='ltr'><em>qnoque</em></span> <span class='ocrx_word' id='word_1_189' title='bbox 585 2216 759 2266; x_wconf 76' lang='lat' dir='ltr'><em>recensionem</em></span> <span class='ocrx_word' id='word_1_190' title='bbox 784 2230 802 2264; x_wconf 92' lang='lat' dir='ltr'><em>a</em></span> <span class='ocrx_word' id='word_1_191' title='bbox 828 2214 990 2265; x_wconf 82' lang='lat' dir='ltr'><em>Widnieindo</em></span> <span class='ocrx_word' id='word_1_192' title='bbox 1016 2216 1074 2279; x_wconf 90' lang='lat' dir='ltr'><em>ipso</em></span> <span class='ocrx_word' id='word_1_193' title='bbox 1100 2230 1152 2266; x_wconf 89' lang='lat' dir='ltr'><em>esse</em></span> <span class='ocrx_word' id='word_1_194' title='bbox 1177 2218 1318 2280; x_wconf 72' lang='lat' dir='ltr'><em>confectam</em></span> <span class='ocrx_word' id='word_1_195' title='bbox 1345 2231 1399 2268; x_wconf 92' lang='lat' dir='ltr'><em>non</em></span> 
     </span>
     <span class='ocr_line' id='line_1_23' title="bbox 277 2284 1399 2352; baseline -0.001 -15"><span class='ocrx_word' id='word_1_196' title='bbox 277 2287 361 2352; x_wconf 86' lang='lat' dir='ltr'><em>piane</em></span> <span class='ocrx_word' id='word_1_197' title='bbox 383 2288 512 2351; x_wconf 83' lang='lat' dir='ltr'><em>neparim.</em></span> <span class='ocrx_word' id='word_1_198' title='bbox 551 2284 631 2348; x_wconf 74' lang='lat' dir='ltr'><em>Quem</em></span> <span class='ocrx_word' id='word_1_199' title='bbox 650 2300 709 2335; x_wconf 88' lang='lat' dir='ltr'><em>eam</em></span> <span class='ocrx_word' id='word_1_200' title='bbox 727 2287 803 2337; x_wconf 84' lang='lat' dir='ltr'><em>eeneel</em></span> <span class='ocrx_word' id='word_1_201' title='bbox 820 2287 987 2351; x_wconf 70' lang='lat' dir='ltr'><em>rescripsisse</em></span> <span class='ocrx_word' id='word_1_202' title='bbox 1005 2291 1108 2351; x_wconf 89' lang='lat' dir='ltr'><em>constet,</em></span> <span class='ocrx_word' id='word_1_203' title='bbox 1134 2288 1191 2336; x_wconf 88' lang='lat' dir='ltr'><em>iam</em></span> <span class='ocrx_word' id='word_1_204' title='bbox 1217 2301 1277 2337; x_wconf 86' lang='lat' dir='ltr'><em>vero</em></span> <span class='ocrx_word' id='word_1_205' title='bbox 1302 2288 1399 2338; x_wconf 82' lang='lat' dir='ltr'><em>itermm</em></span> 
     </span>
     <span class='ocr_line' id='line_1_24' title="bbox 280 2355 1445 2424; baseline -0.003 -17"><span class='ocrx_word' id='word_1_206' title='bbox 280 2372 380 2424; x_wconf 76' lang='lat' dir='ltr'><em>qnoque</em></span> <span class='ocrx_word' id='word_1_207' title='bbox 403 2372 462 2408; x_wconf 85' lang='lat' dir='ltr'><em>enm</em></span> <span class='ocrx_word' id='word_1_208' title='bbox 486 2357 574 2423; x_wconf 86' lang='lat' dir='ltr'><em>ipsam</em></span> <span class='ocrx_word' id='word_1_209' title='bbox 599 2362 765 2421; x_wconf 74' lang='lat' dir='ltr'><em>retractasse,</em></span> <span class='ocrx_word' id='word_1_210' title='bbox 791 2355 847 2422; x_wconf 93' lang='grc' dir='ltr'><em>ΙΙΙ,</em></span> <span class='ocrx_word' id='word_1_211' title='bbox 868 2359 892 2410; x_wconf 85' lang='grc'><em>2.</em></span> <span class='ocrx_word' id='word_1_212' title='bbox 918 2359 1092 2422; x_wconf 73' lang='lat' dir='ltr'><em>respicientes,</em></span> <span class='ocrx_word' id='word_1_213' title='bbox 1114 2372 1258 2422; x_wconf 83' lang='lat' dir='ltr'><em>possumne</em></span> <span class='ocrx_word' id='word_1_214' title='bbox 1277 2359 1398 2412; x_wconf 77' lang='lat' dir='ltr'><em>amicae,</em></span> <span class='ocrx_word' id='word_1_215' title='bbox 1418 2364 1445 2404; x_wconf 77' lang='lat' dir='ltr'><em>ss</em></span> 
     </span>
     <span class='ocr_line' id='line_1_25' title="bbox 283 2426 1401 2494; baseline 0 -14"><span class='ocrx_word' id='word_1_216' title='bbox 283 2426 624 2490; x_wconf 60' lang='lat' dir='ltr'><em>condessensionis.</em></span> <span class='ocrx_word' id='word_1_217' title='bbox 643 2429 763 2494; x_wconf 80' lang='lat' dir='ltr'><em>qnamois</em></span> <span class='ocrx_word' id='word_1_218' title='bbox 781 2433 855 2479; x_wconf 89' lang='lat' dir='ltr'><em>cante</em></span> <span class='ocrx_word' id='word_1_219' title='bbox 873 2429 994 2478; x_wconf 80' lang='lat' dir='ltr'><em>otiniait</em></span> <span class='ocrx_word' id='word_1_220' title='bbox 1012 2430 1092 2494; x_wconf 83' lang='lat' dir='ltr'><em>qnasi</em></span> <span class='ocrx_word' id='word_1_221' title='bbox 1109 2445 1126 2479; x_wconf 89' lang='lat' dir='ltr'><em>a</em></span> <span class='ocrx_word' id='word_1_222' title='bbox 1144 2431 1249 2481; x_wconf 79' lang='lat' dir='ltr'><em>ratione</em></span> <span class='ocrx_word' id='word_1_223' title='bbox 1266 2428 1401 2482; x_wconf 83' lang='lat' dir='ltr'><em>scribendi</em></span> 
     </span>
     <span class='ocr_line' id='line_1_26' title="bbox 286 2499 1400 2564; baseline 0.004 -16"><span class='ocrx_word' id='word_1_224' title='bbox 286 2499 501 2549; x_wconf 79' lang='lat' dir='ltr'><em>chnlcindiana</em></span> <span class='ocrx_word' id='word_1_225' title='bbox 520 2499 709 2564; x_wconf 72' lang='lat' dir='ltr'><em>discrepantia,</em></span> <span class='ocrx_word' id='word_1_226' title='bbox 729 2515 759 2550; x_wconf 88' lang='lat' dir='ltr'><em>ea</em></span> <span class='ocrx_word' id='word_1_227' title='bbox 777 2500 891 2550; x_wconf 84' lang='lat' dir='ltr'><em>maioris</em></span> <span class='ocrx_word' id='word_1_228' title='bbox 909 2503 1032 2550; x_wconf 84' lang='lat' dir='ltr'><em>momenti</em></span> <span class='ocrx_word' id='word_1_229' title='bbox 1049 2513 1103 2550; x_wconf 88' lang='lat' dir='ltr'><em>non</em></span> <span class='ocrx_word' id='word_1_230' title='bbox 1125 2505 1194 2554; x_wconf 88' lang='lat' dir='ltr'><em>sant.</em></span> <span class='ocrx_word' id='word_1_231' title='bbox 1232 2499 1283 2552; x_wconf 86' lang='lat' dir='ltr'><em>Sed</em></span> <span class='ocrx_word' id='word_1_232' title='bbox 1307 2501 1344 2550; x_wconf 91' lang='lat' dir='ltr'><em>ad</em></span> <span class='ocrx_word' id='word_1_233' title='bbox 1369 2515 1400 2552; x_wconf 90' lang='lat' dir='ltr'><em>eo</em></span> 
     </span>
     <span class='ocr_line' id='line_1_27' title="bbox 280 2570 1400 2637; baseline 0.002 -16"><span class='ocrx_word' id='word_1_234' title='bbox 280 2570 360 2622; x_wconf 85' lang='lat' dir='ltr'><em>rerba</em></span> <span class='ocrx_word' id='word_1_235' title='bbox 379 2585 459 2635; x_wconf 80' lang='lat' dir='ltr'><em>qnam</em></span> <span class='ocrx_word' id='word_1_236' title='bbox 478 2570 657 2620; x_wconf 80' lang='lat' dir='ltr'><em>usitatissima</em></span> <span class='ocrx_word' id='word_1_237' title='bbox 675 2577 699 2621; x_wconf 89' lang='lat' dir='ltr'><em>et</em></span> <span class='ocrx_word' id='word_1_238' title='bbox 717 2585 784 2636; x_wconf 79' lang='lat' dir='ltr'><em>qnae</em></span> <span class='ocrx_word' id='word_1_239' title='bbox 796 2570 891 2636; x_wconf 82' lang='lat' dir='ltr'><em>Kiplre</em></span> <span class='ocrx_word' id='word_1_240' title='bbox 907 2587 936 2637; x_wconf 90' lang='lat' dir='ltr'><em>p.</em></span> <span class='ocrx_word' id='word_1_241' title='bbox 948 2572 984 2625; x_wconf 83' lang='grc'><em>25</em></span> <span class='ocrx_word' id='word_1_242' title='bbox 993 2585 1030 2637; x_wconf 78' lang='lat' dir='ltr'><em>eq.</em></span> <span class='ocrx_word' id='word_1_243' title='bbox 1051 2573 1184 2636; x_wconf 82' lang='lat' dir='ltr'><em>conpassit,</em></span> <span class='ocrx_word' id='word_1_244' title='bbox 1200 2571 1285 2636; x_wconf 85' lang='lat' dir='ltr'><em>plara</em></span> <span class='ocrx_word' id='word_1_245' title='bbox 1303 2573 1400 2624; x_wconf 87' lang='lat' dir='ltr'><em>addere</em></span> 
     </span>
     <span class='ocr_line' id='line_1_28' title="bbox 280 2638 1398 2708; baseline 0.003 -18"><span class='ocrx_word' id='word_1_246' title='bbox 280 2639 351 2691; x_wconf 82' lang='lat' dir='ltr'><em>milti</em></span> <span class='ocrx_word' id='word_1_247' title='bbox 368 2641 450 2694; x_wconf 76' lang='lat' dir='ltr'><em>imant.</em></span> <span class='ocrx_word' id='word_1_248' title='bbox 488 2640 554 2692; x_wconf 75' lang='lat' dir='ltr'><em>dnm</em></span> <span class='ocrx_word' id='word_1_249' title='bbox 578 2658 607 2707; x_wconf 91' lang='lat' dir='ltr'><em>p.</em></span> <span class='ocrx_word' id='word_1_250' title='bbox 626 2642 669 2706; x_wconf 90' lang='grc'><em>28,</em></span> <span class='ocrx_word' id='word_1_251' title='bbox 696 2643 714 2694; x_wconf 88' lang='lat' dir='ltr'><em>i.</em></span> <span class='ocrx_word' id='word_1_252' title='bbox 735 2643 783 2694; x_wconf 90' lang='lat'><em>11:</em></span> <span class='ocrx_word' id='word_1_253' title='bbox 810 2638 927 2708; x_wconf 82' lang='lat' dir='ltr'><em>Quidam</em></span> <span class='ocrx_word' id='word_1_254' title='bbox 947 2641 1020 2693; x_wconf 89' lang='lat' dir='ltr'><em>enim</em></span> <span class='ocrx_word' id='word_1_255' title='bbox 1040 2639 1149 2693; x_wconf 83' lang='lat' dir='ltr'><em>insidias</em></span> <span class='ocrx_word' id='word_1_256' title='bbox 1167 2640 1340 2694; x_wconf 79' lang='lat' dir='ltr'><em>tendentium</em></span> <span class='ocrx_word' id='word_1_257' title='bbox 1365 2643 1398 2706; x_wconf 76' lang='lat' dir='ltr'><em>cf.</em></span> 
     </span>
     <span class='ocr_line' id='line_1_29' title="bbox 278 2709 1445 2779; baseline -0.001 -14"><span class='ocrx_word' id='word_1_258' title='bbox 278 2713 388 2778; x_wconf 80' lang='lat' dir='ltr'><em>p.101,</em></span> <span class='ocrx_word' id='word_1_259' title='bbox 413 2713 431 2765; x_wconf 87' lang='lat' dir='ltr'><em>i.</em></span> <span class='ocrx_word' id='word_1_260' title='bbox 450 2713 482 2765; x_wconf 83' lang='lat'><em>2:</em></span> <span class='ocrx_word' id='word_1_261' title='bbox 507 2709 661 2779; x_wconf 83' lang='lat' dir='ltr'><em>indignatio</em></span> <span class='ocrx_word' id='word_1_262' title='bbox 679 2709 729 2763; x_wconf 90' lang='lat' dir='ltr'><em>filii</em></span> <span class='ocrx_word' id='word_1_263' title='bbox 754 2711 808 2764; x_wconf 91' lang='lat' dir='ltr'><em>mei</em></span> <span class='ocrx_word' id='word_1_264' title='bbox 834 2714 1058 2778; x_wconf 86' lang='lat' dir='ltr'><em>caeterorumque</em></span> <span class='ocrx_word' id='word_1_265' title='bbox 1082 2711 1195 2764; x_wconf 80' lang='lat' dir='ltr'><em>insidias</em></span> <span class='ocrx_word' id='word_1_266' title='bbox 1219 2711 1399 2778; x_wconf 80' lang='lat' dir='ltr'><em>tendentium,</em></span> <span class='ocrx_word' id='word_1_267' title='bbox 1419 2724 1445 2764; x_wconf 86' lang='lat' dir='ltr'><em>eo</em></span> 
     </span>
     <span class='ocr_line' id='line_1_30' title="bbox 280 2781 1401 2852; baseline 0.001 -19"><span class='ocrx_word' id='word_1_268' title='bbox 280 2789 304 2834; x_wconf 93' lang='lat' dir='ltr'><em>et</em></span> <span class='ocrx_word' id='word_1_269' title='bbox 322 2783 359 2833; x_wconf 92' lang='lat' dir='ltr'><em>ad</em></span> <span class='ocrx_word' id='word_1_270' title='bbox 384 2781 431 2834; x_wconf 79' lang='lat' dir='ltr'><em>hoc</em></span> <span class='ocrx_word' id='word_1_271' title='bbox 449 2781 558 2836; x_wconf 81' lang='lat' dir='ltr'><em>Sallust.</em></span> <span class='ocrx_word' id='word_1_272' title='bbox 577 2781 637 2848; x_wconf 83' lang='lat' dir='ltr'><em>lap.</em></span> <span class='ocrx_word' id='word_1_273' title='bbox 664 2797 684 2835; x_wconf 91' lang='lat' dir='ltr'><em>c.</em></span> <span class='ocrx_word' id='word_1_274' title='bbox 704 2784 754 2838; x_wconf 88' lang='lat'><em>61:</em></span> <span class='ocrx_word' id='word_1_275' title='bbox 780 2781 889 2834; x_wconf 83' lang='lat' dir='ltr'><em>insidias</em></span> <span class='ocrx_word' id='word_1_276' title='bbox 915 2782 973 2852; x_wconf 83' lang='lat' dir='ltr'><em>regi</em></span> <span class='ocrx_word' id='word_1_277' title='bbox 998 2799 1048 2850; x_wconf 88' lang='lat' dir='ltr'><em>per</em></span> <span class='ocrx_word' id='word_1_278' title='bbox 1074 2782 1174 2836; x_wconf 86' lang='lat' dir='ltr'><em>amieos</em></span> <span class='ocrx_word' id='word_1_279' title='bbox 1199 2782 1320 2837; x_wconf 82' lang='lat' dir='ltr'><em>tendere.</em></span> <span class='ocrx_word' id='word_1_280' title='bbox 1357 2784 1401 2835; x_wconf 79' lang='lat' dir='ltr'><em>Ad</em></span> 
     </span>
     <span class='ocr_line' id='line_1_31' title="bbox 277 2852 1401 2923; baseline 0 -17"><span class='ocrx_word' id='word_1_281' title='bbox 277 2871 306 2920; x_wconf 91' lang='lat' dir='ltr'><em>p.</em></span> <span class='ocrx_word' id='word_1_282' title='bbox 320 2855 363 2918; x_wconf 90' lang='grc'><em>29,</em></span> <span class='ocrx_word' id='word_1_283' title='bbox 377 2853 394 2908; x_wconf 88' lang='lat' dir='ltr'><em>i.</em></span> <span class='ocrx_word' id='word_1_284' title='bbox 410 2855 451 2910; x_wconf 79' lang='lat'><em>17.</em></span> <span class='ocrx_word' id='word_1_285' title='bbox 466 2855 513 2907; x_wconf 83' lang='lat' dir='ltr'><em>le:</em></span> <span class='ocrx_word' id='word_1_286' title='bbox 534 2867 615 2920; x_wconf 86' lang='lat' dir='ltr'><em>super</em></span> <span class='ocrx_word' id='word_1_287' title='bbox 632 2853 748 2920; x_wconf 86' lang='lat' dir='ltr'><em>imperio</em></span> <span class='ocrx_word' id='word_1_288' title='bbox 761 2852 930 2906; x_wconf 83' lang='lat' dir='ltr'><em>Francorum</em></span> <span class='ocrx_word' id='word_1_289' title='bbox 950 2852 1005 2906; x_wconf 86' lang='lat' dir='ltr'><em>acri</em></span> <span class='ocrx_word' id='word_1_290' title='bbox 1018 2869 1084 2907; x_wconf 86' lang='lat' dir='ltr'><em>cura</em></span> <span class='ocrx_word' id='word_1_291' title='bbox 1092 2853 1228 2923; x_wconf 87' lang='lat' dir='ltr'><em>vigilabat</em></span> <span class='ocrx_word' id='word_1_292' title='bbox 1244 2856 1280 2918; x_wconf 84' lang='lat' dir='ltr'><em>ef.</em></span> <span class='ocrx_word' id='word_1_293' title='bbox 1293 2861 1401 2922; x_wconf 89' lang='lat' dir='ltr'><em>praeter</em></span> 
     </span>
     <span class='ocr_line' id='line_1_32' title="bbox 277 2923 1400 2993; baseline -0.001 -15"><span class='ocrx_word' id='word_1_294' title='bbox 277 2941 307 2990; x_wconf 90' lang='lat' dir='ltr'><em>p.</em></span> <span class='ocrx_word' id='word_1_295' title='bbox 328 2925 372 2990; x_wconf 89' lang='grc'><em>42,</em></span> <span class='ocrx_word' id='word_1_296' title='bbox 394 2924 411 2978; x_wconf 89' lang='lat' dir='ltr'><em>i.</em></span> <span class='ocrx_word' id='word_1_297' title='bbox 428 2926 476 2978; x_wconf 87' lang='lat'><em>14:</em></span> <span class='ocrx_word' id='word_1_298' title='bbox 495 2939 544 2975; x_wconf 88' lang='lat' dir='ltr'><em>rex</em></span> <span class='ocrx_word' id='word_1_299' title='bbox 564 2967 569 2978; x_wconf 94' lang='lat'>.</span> <span class='ocrx_word' id='word_1_300' title='bbox 591 2966 596 2978; x_wconf 93' lang='lat'>.</span> <span class='ocrx_word' id='word_1_301' title='bbox 617 2965 623 2978; x_wconf 86' lang='lat'><strong>.</strong></span> <span class='ocrx_word' id='word_1_302' title='bbox 643 2928 744 2992; x_wconf 85' lang='lat' dir='ltr'><em>quanta</em></span> <span class='ocrx_word' id='word_1_303' title='bbox 761 2923 907 2992; x_wconf 86' lang='lat' dir='ltr'><em>prudentia</em></span> <span class='ocrx_word' id='word_1_304' title='bbox 925 2923 1081 2993; x_wconf 79' lang='lat' dir='ltr'><em>vigilaverit</em></span> <span class='ocrx_word' id='word_1_305' title='bbox 1098 2924 1127 2977; x_wconf 90' lang='lat' dir='ltr'><em>in</em></span> <span class='ocrx_word' id='word_1_306' title='bbox 1145 2925 1293 2978; x_wconf 84' lang='lat' dir='ltr'><em>munienda</em></span> <span class='ocrx_word' id='word_1_307' title='bbox 1310 2924 1400 2993; x_wconf 88' lang='lat' dir='ltr'><em>patria</em></span> 
     </span>
     <span class='ocr_line' id='line_1_33' title="bbox 280 2993 1400 3064; baseline 0 -16"><span class='ocrx_word' id='word_1_308' title='bbox 280 2997 359 3048; x_wconf 87' lang='lat' dir='ltr'><em>etiam</em></span> <span class='ocrx_word' id='word_1_309' title='bbox 373 3013 401 3063; x_wconf 91' lang='lat' dir='ltr'><em>p.</em></span> <span class='ocrx_word' id='word_1_310' title='bbox 415 2997 459 3060; x_wconf 83' lang='lat'><em>21,</em></span> <span class='ocrx_word' id='word_1_311' title='bbox 475 2997 493 3048; x_wconf 86' lang='lat' dir='ltr'><em>i.</em></span> <span class='ocrx_word' id='word_1_312' title='bbox 509 2998 549 3050; x_wconf 89' lang='lat'><em>10.</em></span> <span class='ocrx_word' id='word_1_313' title='bbox 565 2999 614 3050; x_wconf 89' lang='lat'><em>11:</em></span> <span class='ocrx_word' id='word_1_314' title='bbox 633 2993 754 3048; x_wconf 83' lang='lat' dir='ltr'><em>Karalus</em></span> <span class='ocrx_word' id='word_1_315' title='bbox 768 3012 828 3048; x_wconf 88' lang='lat' dir='ltr'><em>cum</em></span> <span class='ocrx_word' id='word_1_316' title='bbox 843 2999 913 3048; x_wconf 83' lang='lat' dir='ltr'><em>esset</em></span> <span class='ocrx_word' id='word_1_317' title='bbox 928 3011 1025 3064; x_wconf 82' lang='lat' dir='ltr'><em>regum</em></span> <span class='ocrx_word' id='word_1_318' title='bbox 1039 2995 1209 3064; x_wconf 77' lang='lat' dir='ltr'><em>fortissimus,</em></span> <span class='ocrx_word' id='word_1_319' title='bbox 1228 3012 1284 3049; x_wconf 89' lang='lat' dir='ltr'><em>non</em></span> <span class='ocrx_word' id='word_1_320' title='bbox 1299 2995 1400 3049; x_wconf 79' lang='lat' dir='ltr'><em>minori</em></span> 
     </span>
     <span class='ocr_line' id='line_1_34' title="bbox 281 3063 1445 3136; baseline 0.001 -18"><span class='ocrx_word' id='word_1_321' title='bbox 281 3065 416 3132; x_wconf 82' lang='lat' dir='ltr'><em>sapientia</em></span> <span class='ocrx_word' id='word_1_322' title='bbox 428 3063 561 3134; x_wconf 80' lang='lat' dir='ltr'><em>vigilabat</em></span> <span class='ocrx_word' id='word_1_323' title='bbox 573 3072 596 3118; x_wconf 88' lang='lat' dir='ltr'><em>ct</em></span> <span class='ocrx_word' id='word_1_324' title='bbox 603 3083 634 3133; x_wconf 89' lang='lat' dir='ltr'><em>p.</em></span> <span class='ocrx_word' id='word_1_325' title='bbox 644 3069 687 3134; x_wconf 85' lang='lat'><em>99,</em></span> <span class='ocrx_word' id='word_1_326' title='bbox 703 3068 720 3122; x_wconf 83' lang='lat' dir='ltr'><em>i.</em></span> <span class='ocrx_word' id='word_1_327' title='bbox 731 3071 755 3122; x_wconf 90' lang='lat'><em>9.</em></span> <span class='ocrx_word' id='word_1_328' title='bbox 768 3071 816 3122; x_wconf 89' lang='lat'><em>10:</em></span> <span class='ocrx_word' id='word_1_329' title='bbox 829 3070 930 3134; x_wconf 86' lang='lat' dir='ltr'><em>quante</em></span> <span class='ocrx_word' id='word_1_330' title='bbox 944 3065 1077 3134; x_wconf 84' lang='lat' dir='ltr'><em>sapientie</em></span> <span class='ocrx_word' id='word_1_331' title='bbox 1086 3071 1241 3135; x_wconf 85' lang='lat' dir='ltr'><em>quantaque</em></span> <span class='ocrx_word' id='word_1_332' title='bbox 1253 3066 1400 3136; x_wconf 86' lang='lat' dir='ltr'><em>prudentia</em></span> <span class='ocrx_word' id='word_1_333' title='bbox 1418 3079 1445 3119; x_wconf 79' lang='lat' dir='ltr'><em>ss</em></span> 
     </span>
     <span class='ocr_line' id='line_1_35' title="bbox 281 3135 1400 3207; baseline 0 -18"><span class='ocrx_word' id='word_1_334' title='bbox 281 3146 378 3190; x_wconf 84' lang='lat' dir='ltr'><em>contra</em></span> <span class='ocrx_word' id='word_1_335' title='bbox 396 3135 563 3204; x_wconf 87' lang='lat' dir='ltr'><em>propinquos</em></span> <span class='ocrx_word' id='word_1_336' title='bbox 583 3140 610 3190; x_wconf 89' lang='lat' dir='ltr'><em>et</em></span> <span class='ocrx_word' id='word_1_337' title='bbox 628 3137 718 3191; x_wconf 86' lang='lat' dir='ltr'><em>hostes</em></span> <span class='ocrx_word' id='word_1_338' title='bbox 737 3137 896 3191; x_wconf 89' lang='lat' dir='ltr'><em>manifestos</em></span> <span class='ocrx_word' id='word_1_339' title='bbox 915 3137 1079 3206; x_wconf 78' lang='lat' dir='ltr'><em>vigilaverit.</em></span> <span class='ocrx_word' id='word_1_340' title='bbox 1117 3140 1182 3192; x_wconf 81' lang='lat' dir='ltr'><em>Cam</em></span> <span class='ocrx_word' id='word_1_341' title='bbox 1199 3157 1229 3207; x_wconf 91' lang='lat' dir='ltr'><em>p.</em></span> <span class='ocrx_word' id='word_1_342' title='bbox 1249 3143 1292 3205; x_wconf 92' lang='grc'><em>29,</em></span> <span class='ocrx_word' id='word_1_343' title='bbox 1313 3141 1330 3193; x_wconf 87' lang='lat' dir='ltr'><em>i.</em></span> <span class='ocrx_word' id='word_1_344' title='bbox 1351 3141 1400 3194; x_wconf 82' lang='lat'><em>19:</em></span> 
     </span>
     <span class='ocr_line' id='line_1_36' title="bbox 280 3204 1399 3278; baseline 0.001 -19"><span class='ocrx_word' id='word_1_345' title='bbox 280 3206 417 3274; x_wconf 88' lang='lat' dir='ltr'><em>templum</em></span> <span class='ocrx_word' id='word_1_346' title='bbox 429 3204 574 3275; x_wconf 80' lang='lat' dir='ltr'><em>Magantia</em></span> <span class='ocrx_word' id='word_1_347' title='bbox 586 3207 672 3261; x_wconf 88' lang='lat' dir='ltr'><em>nobili</em></span> <span class='ocrx_word' id='word_1_348' title='bbox 685 3212 822 3262; x_wconf 87' lang='lat' dir='ltr'><em>structura</em></span> <span class='ocrx_word' id='word_1_349' title='bbox 840 3209 994 3262; x_wconf 86' lang='lat' dir='ltr'><em>illustrabat</em></span> <span class='ocrx_word' id='word_1_350' title='bbox 1012 3211 1047 3274; x_wconf 85' lang='lat' dir='ltr'><em>ef.</em></span> <span class='ocrx_word' id='word_1_351' title='bbox 1063 3227 1094 3276; x_wconf 90' lang='lat' dir='ltr'><em>p.</em></span> <span class='ocrx_word' id='word_1_352' title='bbox 1107 3213 1151 3278; x_wconf 89' lang='grc'><em>83,</em></span> <span class='ocrx_word' id='word_1_353' title='bbox 1166 3213 1183 3266; x_wconf 88' lang='lat' dir='ltr'><em>i.</em></span> <span class='ocrx_word' id='word_1_354' title='bbox 1199 3214 1247 3266; x_wconf 83' lang='lat'><em>15:</em></span> <span class='ocrx_word' id='word_1_355' title='bbox 1265 3210 1399 3278; x_wconf 86' lang='lat' dir='ltr'><em>templum</em></span> 
     </span>
     <span class='ocr_line' id='line_1_37' title="bbox 281 3275 1399 3350; baseline 0.003 -22"><span class='ocrx_word' id='word_1_356' title='bbox 281 3276 417 3330; x_wconf 86' lang='lat' dir='ltr'><em>famosum</em></span> <span class='ocrx_word' id='word_1_357' title='bbox 430 3275 570 3330; x_wconf 88' lang='lat' dir='ltr'><em>Vuldenee</em></span> <span class='ocrx_word' id='word_1_358' title='bbox 590 3319 596 3333; x_wconf 94' lang='lat'><strong>.</strong></span> <span class='ocrx_word' id='word_1_359' title='bbox 617 3321 622 3332; x_wconf 93' lang='lat'><em>.</em></span> <span class='ocrx_word' id='word_1_360' title='bbox 644 3321 649 3333; x_wconf 89' lang='lat'>.</span> <span class='ocrx_word' id='word_1_361' title='bbox 669 3280 756 3332; x_wconf 90' lang='lat' dir='ltr'><em>multo</em></span> <span class='ocrx_word' id='word_1_362' title='bbox 776 3280 873 3332; x_wconf 88' lang='lat' dir='ltr'><em>maiori</em></span> <span class='ocrx_word' id='word_1_363' title='bbox 892 3279 991 3334; x_wconf 84' lang='lat' dir='ltr'><em>decore</em></span> <span class='ocrx_word' id='word_1_364' title='bbox 1012 3281 1174 3348; x_wconf 86' lang='lat' dir='ltr'><em>perfeetum.</em></span> <span class='ocrx_word' id='word_1_365' title='bbox 1212 3281 1282 3350; x_wconf 89' lang='lat' dir='ltr'><em>[His</em></span> <span class='ocrx_word' id='word_1_366' title='bbox 1307 3282 1399 3333; x_wconf 88' lang='lat' dir='ltr'><em>allatis</em></span> 
     </span>
     <span class='ocr_line' id='line_1_38' title="bbox 280 3348 1400 3418; baseline 0.004 -20"><span class='ocrx_word' id='word_1_367' title='bbox 280 3364 336 3400; x_wconf 90' lang='lat' dir='ltr'><em>rem</em></span> <span class='ocrx_word' id='word_1_368' title='bbox 355 3348 504 3400; x_wconf 61' lang='lat' dir='ltr'><em>metatam</em></span> <span class='ocrx_word' id='word_1_369' title='bbox 522 3364 575 3401; x_wconf 86' lang='lat' dir='ltr'><em>esee</em></span> <span class='ocrx_word' id='word_1_370' title='bbox 593 3365 645 3402; x_wconf 92' lang='lat' dir='ltr'><em>non</em></span> <span class='ocrx_word' id='word_1_371' title='bbox 664 3352 747 3404; x_wconf 74' lang='lat' dir='ltr'><em>credo.</em></span> <span class='ocrx_word' id='word_1_372' title='bbox 790 3352 897 3417; x_wconf 82' lang='lat' dir='ltr'><em>Editor,</em></span> <span class='ocrx_word' id='word_1_373' title='bbox 920 3367 979 3404; x_wconf 81' lang='lat' dir='ltr'><em>cient</em></span> <span class='ocrx_word' id='word_1_374' title='bbox 1003 3353 1088 3404; x_wconf 83' lang='lat' dir='ltr'><em>locmm</em></span> <span class='ocrx_word' id='word_1_375' title='bbox 1117 3355 1213 3406; x_wconf 78' lang='lat' dir='ltr'><em>codicis</em></span> <span class='ocrx_word' id='word_1_376' title='bbox 1231 3356 1256 3406; x_wconf 82' lang='lat' dir='ltr'><em>A</em></span> <span class='ocrx_word' id='word_1_377' title='bbox 1283 3354 1316 3405; x_wconf 87' lang='lat' dir='ltr'><em>ab</em></span> <span class='ocrx_word' id='word_1_378' title='bbox 1341 3355 1400 3418; x_wconf 72' lang='lat' dir='ltr'><em>ipso</em></span> 
     </span>
     <span class='ocr_line' id='line_1_39' title="bbox 288 3419 1445 3491; baseline 0.007 -22"><span class='ocrx_word' id='word_1_379' title='bbox 288 3419 452 3470; x_wconf 82' lang='lat' dir='ltr'><em>Widaieindo</em></span> <span class='ocrx_word' id='word_1_380' title='bbox 480 3421 656 3487; x_wconf 86' lang='lat' dir='ltr'><em>conscriptam</em></span> <span class='ocrx_word' id='word_1_381' title='bbox 683 3437 736 3474; x_wconf 89' lang='lat' dir='ltr'><em>esse</em></span> <span class='ocrx_word' id='word_1_382' title='bbox 763 3431 889 3488; x_wconf 88' lang='lat' dir='ltr'><em>censeret,</em></span> <span class='ocrx_word' id='word_1_383' title='bbox 917 3440 969 3476; x_wconf 87' lang='lat' dir='ltr'><em>non</em></span> <span class='ocrx_word' id='word_1_384' title='bbox 996 3424 1152 3490; x_wconf 75' lang='lat' dir='ltr'><em>inplicavit,</em></span> <span class='ocrx_word' id='word_1_385' title='bbox 1183 3426 1312 3491; x_wconf 78' lang='lat' dir='ltr'><em>quomodo</em></span> <span class='ocrx_word' id='word_1_386' title='bbox 1339 3423 1401 3488; x_wconf 73' lang='lat' dir='ltr'><em>fieri</em></span> <span class='ocrx_word' id='word_1_387' title='bbox 1417 3433 1445 3472; x_wconf 75' lang='lat'><em>40</em></span> 
     </span>
     <span class='ocr_line' id='line_1_40' title="bbox 279 3492 1400 3560; baseline 0.005 -20"><span class='ocrx_word' id='word_1_388' title='bbox 279 3492 404 3556; x_wconf 85' lang='lat' dir='ltr'><em>potnerit,</em></span> <span class='ocrx_word' id='word_1_389' title='bbox 424 3496 454 3540; x_wconf 89' lang='lat' dir='ltr'><em>nt</em></span> <span class='ocrx_word' id='word_1_390' title='bbox 471 3493 587 3542; x_wconf 83' lang='lat' dir='ltr'><em>recensio</em></span> <span class='ocrx_word' id='word_1_391' title='bbox 605 3493 699 3544; x_wconf 87' lang='lat' dir='ltr'><em>codicis</em></span> <span class='ocrx_word' id='word_1_392' title='bbox 711 3495 746 3556; x_wconf 82' lang='grc' dir='ltr'><em>Α,</em></span> <span class='ocrx_word' id='word_1_393' title='bbox 764 3509 846 3560; x_wconf 79' lang='lat' dir='ltr'><em>qnam</em></span> <span class='ocrx_word' id='word_1_394' title='bbox 864 3495 919 3560; x_wconf 90' lang='lat' dir='ltr'><em>ipse</em></span> <span class='ocrx_word' id='word_1_395' title='bbox 935 3499 1056 3560; x_wconf 78' lang='lat' dir='ltr'><em>primam</em></span> <span class='ocrx_word' id='word_1_396' title='bbox 1073 3512 1126 3548; x_wconf 87' lang='lat' dir='ltr'><em>esse</em></span> <span class='ocrx_word' id='word_1_397' title='bbox 1143 3497 1222 3560; x_wconf 79' lang='lat' dir='ltr'><em>dinis,</em></span> <span class='ocrx_word' id='word_1_398' title='bbox 1242 3498 1327 3546; x_wconf 86' lang='lat' dir='ltr'><em>locam</em></span> <span class='ocrx_word' id='word_1_399' title='bbox 1339 3510 1400 3546; x_wconf 92' lang='lat' dir='ltr'><em>con-</em></span> 
     </span>
     <span class='ocr_line' id='line_1_41' title="bbox 282 3563 1400 3633; baseline 0.003 -21"><span class='ocrx_word' id='word_1_400' title='bbox 282 3563 364 3612; x_wconf 87' lang='lat' dir='ltr'><em>tineat</em></span> <span class='ocrx_word' id='word_1_401' title='bbox 381 3568 441 3629; x_wconf 87' lang='lat' dir='ltr'><em>post</em></span> <span class='ocrx_word' id='word_1_402' title='bbox 458 3564 645 3614; x_wconf 89' lang='lat' dir='ltr'><em>narrationem</em></span> <span class='ocrx_word' id='word_1_403' title='bbox 663 3563 779 3614; x_wconf 86' lang='lat' dir='ltr'><em>codicum</em></span> <span class='ocrx_word' id='word_1_404' title='bbox 798 3565 823 3615; x_wconf 94' lang='lat' dir='ltr'><strong><em>B</em></strong></span> <span class='ocrx_word' id='word_1_405' title='bbox 836 3566 859 3619; x_wconf 95' lang='lat'><em>1.</em></span> <span class='ocrx_word' id='word_1_406' title='bbox 879 3568 905 3629; x_wconf 92' lang='grc'><em>2,</em></span> <span class='ocrx_word' id='word_1_407' title='bbox 930 3573 960 3616; x_wconf 89' lang='lat' dir='ltr'><em>nt</em></span> <span class='ocrx_word' id='word_1_408' title='bbox 978 3568 1033 3632; x_wconf 90' lang='lat' dir='ltr'><em>ipse</em></span> <span class='ocrx_word' id='word_1_409' title='bbox 1047 3569 1193 3632; x_wconf 80' lang='lat' dir='ltr'><em>perspexit,</em></span> <span class='ocrx_word' id='word_1_410' title='bbox 1211 3569 1350 3633; x_wconf 85' lang='lat' dir='ltr'><em>scriptam,</em></span> <span class='ocrx_word' id='word_1_411' title='bbox 1369 3569 1400 3615; x_wconf 86' lang='lat' dir='ltr'><em>nt</em></span> 
     </span>
     <span class='ocr_line' id='line_1_42' title="bbox 281 3633 1399 3702; baseline 0 -17"><span class='ocrx_word' id='word_1_412' title='bbox 281 3634 353 3685; x_wconf 84' lang='lat' dir='ltr'><em>lectio</em></span> <span class='ocrx_word' id='word_1_413' title='bbox 377 3633 495 3684; x_wconf 77' lang='lat' dir='ltr'><em>codicum</em></span> <span class='ocrx_word' id='word_1_414' title='bbox 513 3633 538 3684; x_wconf 93' lang='lat' dir='ltr'><em>B</em></span> <span class='ocrx_word' id='word_1_415' title='bbox 552 3636 575 3687; x_wconf 90' lang='lat'><em>1.</em></span> <span class='ocrx_word' id='word_1_416' title='bbox 595 3637 611 3687; x_wconf 93' lang='grc'><strong>2</strong></span> <span class='ocrx_word' id='word_1_417' title='bbox 633 3636 755 3700; x_wconf 78' lang='lat' dir='ltr'><em>primam</em></span> <span class='ocrx_word' id='word_1_418' title='bbox 779 3637 880 3702; x_wconf 82' lang='lat' dir='ltr'><em>scripta</em></span> <span class='ocrx_word' id='word_1_419' title='bbox 905 3638 935 3687; x_wconf 86' lang='lat' dir='ltr'><em>in</em></span> <span class='ocrx_word' id='word_1_420' title='bbox 960 3639 985 3687; x_wconf 86' lang='lat' dir='ltr'><strong><em>A</em></strong></span> <span class='ocrx_word' id='word_1_421' title='bbox 1006 3642 1068 3702; x_wconf 88' lang='lat' dir='ltr'><em>post</em></span> <span class='ocrx_word' id='word_1_422' title='bbox 1092 3642 1195 3687; x_wconf 85' lang='lat' dir='ltr'><em>matuta</em></span> <span class='ocrx_word' id='word_1_423' title='bbox 1220 3639 1264 3701; x_wconf 89' lang='lat' dir='ltr'><em>sit,</em></span> <span class='ocrx_word' id='word_1_424' title='bbox 1291 3641 1319 3685; x_wconf 87' lang='lat' dir='ltr'><em>nt</em></span> <span class='ocrx_word' id='word_1_425' title='bbox 1344 3637 1399 3701; x_wconf 88' lang='lat' dir='ltr'><em>ipse</em></span> 
     </span>
     <span class='ocr_line' id='line_1_43' title="bbox 281 3703 1399 3773; baseline 0.003 -20"><span class='ocrx_word' id='word_1_426' title='bbox 281 3704 361 3766; x_wconf 82' lang='lat' dir='ltr'><em>infra</em></span> <span class='ocrx_word' id='word_1_427' title='bbox 369 3720 399 3769; x_wconf 91' lang='lat' dir='ltr'><em>p.</em></span> <span class='ocrx_word' id='word_1_428' title='bbox 410 3703 491 3756; x_wconf 91' lang='lat' dir='ltr'><em>XIX.</em></span> <span class='ocrx_word' id='word_1_429' title='bbox 505 3704 584 3758; x_wconf 76' lang='lat' dir='ltr'><em>dicit.</em></span> <span class='ocrx_word' id='word_1_430' title='bbox 615 3703 690 3766; x_wconf 82' lang='lat' dir='ltr'><em>Quod</em></span> <span class='ocrx_word' id='word_1_431' title='bbox 701 3711 730 3756; x_wconf 87' lang='lat' dir='ltr'><em>nt</em></span> <span class='ocrx_word' id='word_1_432' title='bbox 743 3707 910 3773; x_wconf 80' lang='lat' dir='ltr'><em>capianaret,</em></span> <span class='ocrx_word' id='word_1_433' title='bbox 923 3723 981 3758; x_wconf 86' lang='lat' dir='ltr'><em>cnm</em></span> <span class='ocrx_word' id='word_1_434' title='bbox 994 3707 1028 3758; x_wconf 81' lang='lat' dir='ltr'><em>ot</em></span> <span class='ocrx_word' id='word_1_435' title='bbox 1040 3723 1067 3758; x_wconf 93' lang='lat' dir='ltr'><em>eo</em></span> <span class='ocrx_word' id='word_1_436' title='bbox 1075 3709 1217 3771; x_wconf 85' lang='lat' dir='ltr'><em>petiissem,</em></span> <span class='ocrx_word' id='word_1_437' title='bbox 1225 3713 1288 3772; x_wconf 87' lang='lat' dir='ltr'><em>poet</em></span> <span class='ocrx_word' id='word_1_438' title='bbox 1295 3720 1399 3771; x_wconf 87' lang='lat' dir='ltr'><em>pancos</em></span> 
     </span>
     <span class='ocr_line' id='line_1_44' title="bbox 281 3775 1444 3844; baseline 0.002 -19"><span class='ocrx_word' id='word_1_439' title='bbox 281 3775 337 3826; x_wconf 85' lang='lat' dir='ltr'><em>dies</em></span> <span class='ocrx_word' id='word_1_440' title='bbox 355 3775 496 3839; x_wconf 63' lang='lat' dir='ltr'><em>mirandas</em></span> <span class='ocrx_word' id='word_1_441' title='bbox 512 3782 557 3828; x_wconf 86' lang='lat' dir='ltr'><em>est.</em></span> <span class='ocrx_word' id='word_1_442' title='bbox 596 3775 715 3830; x_wconf 80' lang='lat' dir='ltr'><em>Conicere</em></span> <span class='ocrx_word' id='word_1_443' title='bbox 733 3778 837 3842; x_wconf 77' lang='lat' dir='ltr'><em>qnidam</em></span> <span class='ocrx_word' id='word_1_444' title='bbox 851 3785 927 3844; x_wconf 87' lang='lat' dir='ltr'><em>potes</em></span> <span class='ocrx_word' id='word_1_445' title='bbox 945 3777 1138 3828; x_wconf 86' lang='lat' dir='ltr'><em>Widmleindnm</em></span> <span class='ocrx_word' id='word_1_446' title='bbox 1156 3777 1256 3827; x_wconf 80' lang='lat' dir='ltr'><em>libram</em></span> <span class='ocrx_word' id='word_1_447' title='bbox 1281 3776 1398 3827; x_wconf 86' lang='lat' dir='ltr'><em>nondam</em></span> <span class='ocrx_word' id='word_1_448' title='bbox 1417 3787 1444 3827; x_wconf 77' lang='lat'><em>45</em></span> 
     </span>
     <span class='ocr_line' id='line_1_45' title="bbox 281 3845 1400 3914; baseline 0.001 -19"><span class='ocrx_word' id='word_1_449' title='bbox 281 3845 387 3909; x_wconf 79' lang='lat' dir='ltr'><em>finitam</em></span> <span class='ocrx_word' id='word_1_450' title='bbox 406 3849 435 3896; x_wconf 89' lang='lat' dir='ltr'><em>in</em></span> <span class='ocrx_word' id='word_1_451' title='bbox 454 3847 591 3912; x_wconf 74' lang='lat' dir='ltr'><em>eaenmior</em></span> <span class='ocrx_word' id='word_1_452' title='bbox 608 3849 817 3914; x_wconf 76' lang='lat' dir='ltr'><em>tromecriptnm</em></span> <span class='ocrx_word' id='word_1_453' title='bbox 842 3851 947 3900; x_wconf 77' lang='lat' dir='ltr'><em>cardam</em></span> <span class='ocrx_word' id='word_1_454' title='bbox 972 3849 1080 3910; x_wconf 84' lang='lat' dir='ltr'><em>dedisse,</em></span> <span class='ocrx_word' id='word_1_455' title='bbox 1106 3861 1182 3911; x_wconf 75' lang='lat' dir='ltr'><em>onan</em></span> <span class='ocrx_word' id='word_1_456' title='bbox 1207 3849 1336 3911; x_wconf 83' lang='lat' dir='ltr'><em>offensum</em></span> <span class='ocrx_word' id='word_1_457' title='bbox 1361 3848 1400 3896; x_wconf 86' lang='lat' dir='ltr'><em>iri</em></span> 
     </span>
     <span class='ocr_line' id='line_1_46' title="bbox 281 3916 1398 3985; baseline 0.002 -19"><span class='ocrx_word' id='word_1_458' title='bbox 281 3916 423 3968; x_wconf 75' lang='lat' dir='ltr'><em>crediderit</em></span> <span class='ocrx_word' id='word_1_459' title='bbox 440 3919 597 3968; x_wconf 84' lang='lat' dir='ltr'><em>narratione</em></span> <span class='ocrx_word' id='word_1_460' title='bbox 622 3918 653 3970; x_wconf 89' lang='lat' dir='ltr'><em>de</em></span> <span class='ocrx_word' id='word_1_461' title='bbox 670 3917 788 3971; x_wconf 83' lang='lat' dir='ltr'><em>Hottone</em></span> <span class='ocrx_word' id='word_1_462' title='bbox 812 3919 1008 3985; x_wconf 78' lang='lat' dir='ltr'><em>archiepiscopo</em></span> <span class='ocrx_word' id='word_1_463' title='bbox 1032 3917 1144 3979; x_wconf 76' lang='lat' dir='ltr'><em>frmndes</em></span> <span class='ocrx_word' id='word_1_464' title='bbox 1168 3918 1258 3970; x_wconf 86' lang='lat' dir='ltr'><em>molito</em></span> <span class='ocrx_word' id='word_1_465' title='bbox 1283 3920 1398 3982; x_wconf 77' lang='lat' dir='ltr'><em>famosa,</em></span> 
     </span>
     <span class='ocr_line' id='line_1_47' title="bbox 281 3985 1399 4056; baseline 0.002 -20"><span class='ocrx_word' id='word_1_466' title='bbox 281 3987 462 4056; x_wconf 22' lang='lat' dir='ltr'><em>ideoque-enm</em></span> <span class='ocrx_word' id='word_1_467' title='bbox 480 3985 550 4039; x_wconf 82' lang='lat' dir='ltr'><em>hanc</em></span> <span class='ocrx_word' id='word_1_468' title='bbox 569 3990 693 4043; x_wconf 85' lang='lat' dir='ltr'><em>omisisse.</em></span> <span class='ocrx_word' id='word_1_469' title='bbox 730 3989 781 4041; x_wconf 83' lang='lat' dir='ltr'><em>Sed</em></span> <span class='ocrx_word' id='word_1_470' title='bbox 799 4005 856 4055; x_wconf 90' lang='lat' dir='ltr'><em>cnr,</em></span> <span class='ocrx_word' id='word_1_471' title='bbox 875 4004 978 4056; x_wconf 80' lang='lat' dir='ltr'><em>quaeso,</em></span> <span class='ocrx_word' id='word_1_472' title='bbox 996 4002 1055 4038; x_wconf 84' lang='lat' dir='ltr'><em>cnm</em></span> <span class='ocrx_word' id='word_1_473' title='bbox 1072 3986 1121 4036; x_wconf 82' lang='lat' dir='ltr'><em>ltoc</em></span> <span class='ocrx_word' id='word_1_474' title='bbox 1138 3989 1242 4051; x_wconf 68' lang='lat' dir='ltr'><em>faciens</em></span> <span class='ocrx_word' id='word_1_475' title='bbox 1259 3988 1399 4040; x_wconf 64' lang='lat' dir='ltr'><em>(lassatam</em></span> 
     </span>
     <span class='ocr_line' id='line_1_48' title="bbox 280 4057 1399 4126; baseline 0.002 -18"><span class='ocrx_word' id='word_1_476' title='bbox 280 4059 365 4108; x_wconf 86' lang='lat' dir='ltr'><em>locam</em></span> <span class='ocrx_word' id='word_1_477' title='bbox 390 4059 433 4108; x_wconf 90' lang='lat' dir='ltr'><em>rei</em></span> <span class='ocrx_word' id='word_1_478' title='bbox 454 4063 540 4122; x_wconf 82' lang='lat' dir='ltr'><em>pastae</em></span> <span class='ocrx_word' id='word_1_479' title='bbox 565 4059 715 4111; x_wconf 86' lang='lat' dir='ltr'><em>addendam</em></span> <span class='ocrx_word' id='word_1_480' title='bbox 739 4076 792 4112; x_wconf 88' lang='lat' dir='ltr'><em>ease</em></span> <span class='ocrx_word' id='word_1_481' title='bbox 816 4061 933 4122; x_wconf 75' lang='lat' dir='ltr'><em>dnaerit,</em></span> <span class='ocrx_word' id='word_1_482' title='bbox 959 4058 1028 4108; x_wconf 76' lang='lat' dir='ltr'><em>tanc</em></span> <span class='ocrx_word' id='word_1_483' title='bbox 1050 4057 1080 4106; x_wconf 89' lang='lat' dir='ltr'><em>in</em></span> <span class='ocrx_word' id='word_1_484' title='bbox 1105 4057 1249 4126; x_wconf 78' lang='lat' dir='ltr'><em>arclaetppo</em></span> <span class='ocrx_word' id='word_1_485' title='bbox 1273 4075 1321 4111; x_wconf 87' lang='lat' dir='ltr'><em>sno</em></span> <span class='ocrx_word' id='word_1_486' title='bbox 1346 4074 1399 4110; x_wconf 91' lang='lat' dir='ltr'><em>non</em></span> 
     </span>
     <span class='ocr_line' id='line_1_49' title="bbox 282 4127 1443 4198; baseline 0.003 -21"><span class='ocrx_word' id='word_1_487' title='bbox 282 4128 441 4179; x_wconf 76' lang='lat' dir='ltr'><em>adnotavit?</em></span> <span class='ocrx_word' id='word_1_488' title='bbox 477 4127 659 4190; x_wconf 64' lang='lat' dir='ltr'><em>donationem</em></span> <span class='ocrx_word' id='word_1_489' title='bbox 681 4146 759 4198; x_wconf 87' lang='lat' dir='ltr'><em>pono,</em></span> <span class='ocrx_word' id='word_1_490' title='bbox 785 4146 842 4182; x_wconf 91' lang='lat' dir='ltr'><em>rem</em></span> <span class='ocrx_word' id='word_1_491' title='bbox 866 4129 1014 4181; x_wconf 77' lang='lat' dir='ltr'><em>diiudicare</em></span> <span class='ocrx_word' id='word_1_492' title='bbox 1038 4128 1104 4182; x_wconf 87' lang='lat' dir='ltr'><em>nolo.</em></span> <span class='ocrx_word' id='word_1_493' title='bbox 1148 4129 1204 4182; x_wconf 88' lang='lat' dir='ltr'><em>Nee</em></span> <span class='ocrx_word' id='word_1_494' title='bbox 1228 4133 1296 4182; x_wconf 86' lang='lat' dir='ltr'><em>eatis</em></span> <span class='ocrx_word' id='word_1_495' title='bbox 1316 4131 1399 4196; x_wconf 87' lang='lat' dir='ltr'><em>plone</em></span> <span class='ocrx_word' id='word_1_496' title='bbox 1417 4141 1443 4180; x_wconf 78' lang='lat' dir='ltr'><em>so</em></span> 
     </span>
     <span class='ocr_line' id='line_1_50' title="bbox 281 4198 1397 4266; baseline -0.001 -16"><span class='ocrx_word' id='word_1_497' title='bbox 281 4199 367 4250; x_wconf 87' lang='lat' dir='ltr'><em>editor</em></span> <span class='ocrx_word' id='word_1_498' title='bbox 391 4201 522 4266; x_wconf 77' lang='lat' dir='ltr'><em>inposuit,</em></span> <span class='ocrx_word' id='word_1_499' title='bbox 546 4202 674 4266; x_wconf 82' lang='lat' dir='ltr'><em>quomodo</em></span> <span class='ocrx_word' id='word_1_500' title='bbox 698 4203 858 4253; x_wconf 87' lang='lat' dir='ltr'><em>recensiones</em></span> <span class='ocrx_word' id='word_1_501' title='bbox 875 4201 909 4264; x_wconf 84' lang='lat' dir='ltr'><em>A,</em></span> <span class='ocrx_word' id='word_1_502' title='bbox 932 4199 966 4264; x_wconf 91' lang='lat' dir='ltr'><em>B,</em></span> <span class='ocrx_word' id='word_1_503' title='bbox 986 4198 1009 4249; x_wconf 80' lang='lat'><em>0</em></span> <span class='ocrx_word' id='word_1_504' title='bbox 1031 4199 1102 4249; x_wconf 84' lang='lat' dir='ltr'><em>inter</em></span> <span class='ocrx_word' id='word_1_505' title='bbox 1126 4215 1153 4252; x_wconf 88' lang='lat' dir='ltr'><em>ee</em></span> <span class='ocrx_word' id='word_1_506' title='bbox 1177 4215 1310 4254; x_wconf 78' lang='lat' dir='ltr'><em>commane</em></span> <span class='ocrx_word' id='word_1_507' title='bbox 1334 4201 1397 4263; x_wconf 87' lang='lat' dir='ltr'><em>sint,</em></span> 
     </span>
     <span class='ocr_line' id='line_1_51' title="bbox 282 4270 1398 4337; baseline 0.003 -18"><span class='ocrx_word' id='word_1_508' title='bbox 282 4270 391 4321; x_wconf 86' lang='lat' dir='ltr'><em>codicem</em></span> <span class='ocrx_word' id='word_1_509' title='bbox 410 4271 514 4336; x_wconf 85' lang='lat' dir='ltr'><em>qnidem</em></span> <span class='ocrx_word' id='word_1_510' title='bbox 529 4270 697 4323; x_wconf 74' lang='lat' dir='ltr'><em>(Josinmsm</em></span> <span class='ocrx_word' id='word_1_511' title='bbox 712 4277 876 4337; x_wconf 90' lang='lat' dir='ltr'><em>postremam</em></span> <span class='ocrx_word' id='word_1_512' title='bbox 894 4271 1024 4322; x_wconf 85' lang='lat' dir='ltr'><em>continere</em></span> <span class='ocrx_word' id='word_1_513' title='bbox 1042 4283 1100 4321; x_wconf 84' lang='lat' dir='ltr'><em>cnm</em></span> <span class='ocrx_word' id='word_1_514' title='bbox 1115 4271 1181 4322; x_wconf 86' lang='lat' dir='ltr'><em>Viro</em></span> <span class='ocrx_word' id='word_1_515' title='bbox 1194 4272 1233 4327; x_wconf 85' lang='lat' dir='ltr'><em>Gi.</em></span> <span class='ocrx_word' id='word_1_516' title='bbox 1250 4274 1281 4324; x_wconf 85' lang='lat' dir='ltr'><em>de</em></span> <span class='ocrx_word' id='word_1_517' title='bbox 1294 4273 1398 4330; x_wconf 81' lang='lat' dir='ltr'><em>Simeon</em></span> 
     </span>
    </p>
   </div>
   <div class='ocr_carea' id='block_1_4' title="bbox 0 0 1595 4880">
    <p class='ocr_par' dir='ltr' id='par_1_9' title="bbox 0 0 1595 4880">
     <span class='ocr_line' id='line_1_52' title="bbox 0 0 1595 4880; baseline 0 0"><span class='ocrx_word' id='word_1_518' title='bbox 0 0 1595 4880; x_wconf 95' lang='lat' dir='ltr'><em> </em></span> 
     </span>
    </p>
   </div>
  </div>
 </body>
</html>
