3178 4880
180 1229 272 1316 ΙΑΙ)ει
295 1232 524 1299 DOMINAM
548 1225 860 1296 MATHILDAMb
884 1231 1201 1298 IMPERATORIS
1257 1257 1416 1310 sansana

177 1322 344 1386 FILIAM
372 1322 504 1385 LIBRI
532 1320 670 1384 PRIMI
701 1321 882 1385 INCIPIT
911 1317 1201 1404 PREPHAT101.

236 1445 337 1510 Flore
353 1445 514 1529 virginali
538 1465 615 1508 oum
637 1445 818 1509 maiestate
834 1445 1005 1528 imperia-li
1020 1465 1060 1509 ac
1076 1446 1247 1528 sapientia

137 1535 297 1618 singulari
311 1533 465 1618 fulgenti
477 1534 637 1598 dominae
650 1533 859 1596 Mahthildi⁰
873 1533 1018 1596 ultimus
1034 1533 1246 1597 servulorum

109 1645 121 1683 s
138 1621 259 1687 Christi
283 1617 494 1706 martyrnm‘¹
510 1622 679 1706 Stephani
702 1624 805 1704 atque
818 1621 901 1698 Viti,
926 1619 1111 1685 Corbeius⁰
1128 1621 1246 1686 widu-

136 1705 290 1790 kindusf,
338 1711 447 1775 totius
493 1710 669 1775 servitutis
715 1710 997 1774 devotissimum!i
1036 1710 1245 1774 famulatum

136 1819 312 1883 veramque
335 1800 373 1863 in
402 1793 594 1864 salvatorell
620 1799 779 1863 salutem.
834 1797 998 1876 Quamvis
1020 1801 1056 1862 te
1079 1801 1245 1882 paternae

135 1881 323 1970 potentiaei
347 1887 457 1972 gloria
481 1887 664 1970 singularis
688 1887 887 1970 magnificet
910 1907 950 1950 ac
974 1886 1162 1950 clarissima
1192 1887 1246 1952 de

136 1980 222 2039 coret
257 1976 444 2060 sapientia,
483 1980 602 2040 nostra
634 1979 753 2039 tamen
787 1974 966 2038 humilitas
1001 1975 1168 2059 presumit
1203 1976 1245 2040 de

98 2087 120 2125 ιο
134 2066 284 2146 proxima
307 2064 451 2148 sceptris
475 2057 629 2149 semperk
648 2064 841 2138 clementia,
866 2063 948 2145 quio
970 2066 1089 2127 nostra
1108 2064 1245 2128 devotio

135 2156 233 2217 atua
255 2153 387 2238 pietate
412 2153 628 2236 suscipiatur,
652 2153 758 2217 etiam
782 2152 811 2214 si
833 2172 903 2215 non
927 2155 1109 2216 mereatur.
1155 2152 1245 2216 Nam

135 2261 207 2304 cum
230 2244 349 2307 nostro
372 2241 490 2305 labore
514 2241 622 2325 patris
646 2240 877 2324 potentissimi
899 2240 1023 2321 avique
1045 2240 1099 2303 tui
1123 2240 1245 2325 glorio·

134 2329 252 2394 sissimi
275 2350 329 2395 res
352 2333 466 2412 gestas
491 2329 674 2394 memoriae
696 2329 844 2392 traditas
863 2328 997 2411 legeris,
1016 2328 1131 2404 habes,
1151 2329 1245 2394 unde

135 2437 171 2481 ex
193 2419 324 2503 optima
347 2422 383 2482 et
405 2417 651 2502 gloriosissima
674 2417 795 2481 melior
810 2416 1056 2500 gloriosiorque
1072 2417 1244 2482 efficiaris.

96 2528 118 2566 u
134 2505 200 2571 Neo
223 2512 341 2572 tamen
366 2506 481 2570 omnia
504 2527 621 2571 eorum
645 2509 742 2590 gesta
762 2525 825 2569 nos
841 2525 939 2588 posse
955 2505 1245 2589 comprehendere

133 2593 289 2672 fatemur,
314 2596 374 2659 sed
398 2594 567 2659 strictim1
590 2596 627 2659 et
648 2615 710 2678 per
733 2597 848 2676 partes
869 2593 1058 2670 scribimus,
1077 2597 1119 2656 ut
1134 2613 1244 2658 sermo

133 2682 174 2746 sit
196 2684 393 2768 legentibus
416 2684 549 2767 planus,
573 2704 644 2747 non
666 2681 878 2746 fastidiosus.
917 2681 985 2746 Sed
1001 2685 1037 2746 et
1054 2682 1096 2746 de
1112 2682 1244 2765 origine

133 2775 290 2855 statuque
313 2772 437 2856 gentis,
461 2773 498 2835 in
522 2792 590 2854 qua
612 2771 686 2856 ipse
709 2791 823 2834 rerum
840 2769 1019 2834 dominus²
1034 2763 1237 2834 Heinricus¹

132 2861 257 2941 primus
280 2861 449 2944 regnavit,
482 2863 617 2943 paucam
640 2858 788 2923 scribere
819 2859 945 2934 curavi,
970 2860 1010 2921 ut
1033 2879 1074 2922 ea
1096 2857 1244 2940 legendo

93 2969 117 3008 a
132 2949 280 3013 animum
316 2949 485 3026 oblectes,
525 2969 623 3012 curas
657 2947 803 3023 releves,
843 2945 989 3029 pulchro
1024 2946 1096 3009 otio
1133 2965 1243 3010 vaces.

132 3035 237 3121 Legat
274 3037 383 3120 igitur
420 3039 483 3101 tuo
520 3037 658 3104 claritas
696 3036 818 3126 istum,
840 3033 998 3097 libellum
1035 3053 1076 3099 ea
1114 3033 1244 3117 pietate

132 3127 235 3189 nostri
259 3145 399 3204 memor,
424 3146 492 3208 qua
515 3129 568 3190 est
591 3123 806 3206 conscriptus
830 3121 1022 3186 devotione.
1062 3122 1183 3186 valen.

405 3243 657 3332 [EXPLICIT0
679 3239 971 3328 PREPHATIOI

132 3433 152 3488 a)
164 3439 194 3476 sie
206 3439 235 3488 0,·
248 3441 325 3478 desum
339 3439 391 3477 irasc
405 3439 424 3477 A
438 3443 457 3477 et
471 3439 522 3489 1313
539 3438 581 3477 AD
596 3435 779 3476 MATHILDAM
792 3434 932 3476 REGINAM
946 3434 1138 3475 VVITIOHINDI
1153 3435 1246 3476 PRAE-

94 3487 116 3527 25
132 3489 216 3532 ΙἌΤΙΟ
230 3493 277 3535 Ba.
341 3490 365 3542 b)
378 3493 409 3530 sic
423 3492 470 3530 132.
485 3491 508 3533 0,
572 3491 593 3537 a)
606 3491 637 3528 sic
650 3489 670 3528 Β
679 3491 705 3538 l;
720 3485 828 3528 mahtilde
843 3489 876 3536 Δ,
890 3485 1013 3527 Mathlldae
1026 3487 1079 3538 Rs,
1094 3489 1201 3546 msthlldp
1215 3490 1246 3536 0,·

131 3542 257 3584 llshthildis
271 3555 347 3584 nomon
361 3546 449 3594 rapinae
463 3545 528 3584 stiam
541 3544 565 3582 ir
579 3544 636 3585 Ann.
649 3543 731 3583 eorem
752 3553 772 3583 a
786 3542 833 3590 967,
853 3541 889 3583 88.
904 3541 952 3590 111,
968 3551 993 3589 p,
1006 3541 1027 3590 4,
1046 3545 1066 3580 si
1080 3542 1207 3591 plerumque
1220 3543 1245 3581 in

131 3595 281 3646 diplomatibus
289 3598 388 3637 Hermos·
401 3601 420 3636 et
430 3597 542 3639 ottoniel.
555 3597 665 3638 scribitur.
689 3595 721 3642 Of.
734 3595 809 3643 Waite,
825 3593 910 3635 Ualeri.
921 3593 1037 3632 Heinrich
1045 3591 1076 3633 I.'
1090 3595 1122 3636 sd.
1135 3595 1148 3634 8
1161 3595 1245 3644 (1886),

127 3659 151 3696 9.
165 3652 196 3693 17.
261 3651 285 3700 d)
298 3652 329 3689 sic
343 3652 368 3693 Δ,
383 3650 421 3689 1³2
436 3659 530 3699 samm
544 3650 562 3689 G
575 3649 609 3688 iric
622 3653 642 3688 st
654 3649 789 3698 plerumque,
805 3648 858 3686 alibi
872 3647 958 3689 martir.
1024 3648 1045 3694 e)
1058 3645 1182 3687 cnorbolus
1195 3647 1242 3690 Bi.

131 3701 285 3748 ovmoukino
294 3705 322 3754 0,·
331 3715 354 3748 v.
364 3704 397 3752 Δ,
406 3704 433 3746 V.
443 3703 494 3754 ΒΞ,
509 3700 639 3742 vldllrindus
649 3701 694 3742 Bl.
717 3702 750 3739 Dc
763 3702 839 3748 forma
848 3699 941 3738 nominis
955 3700 982 3746 rs.
992 3699 1093 3746 pressat
1139 3701 1162 3749 g)
1176 3697 1246 3740 deuo-

94 3749 117 3789 ³0
131 3754 224 3796 fluimus
238 3757 262 3796 0.
317 3755 341 3807 h)
354 3754 483 3808 suluslltore
497 3755 517 3794 B
526 3755 546 3805 2,
560 3756 623 3803 auno
637 3755 826 3794 coniunctionem
839 3753 881 3800 fine
895 3753 964 3791 lineae
977 3752 1012 3790 hio
1025 3755 1044 3790 a
1057 3753 1145 3801 saepius
1158 3753 1245 3796 omisso.

131 3807 147 3854 i)
158 3810 266 3858 sapientie
277 3812 304 3852 A.
352 3808 376 3860 k)
390 3810 454 3850 elem.
469 3819 557 3858 semper
570 3809 617 3856 131,
631 3808 700 3856 apris
711 3806 863 3856 superscriptis
872 3816 929 3847 corr.
937 3815 1025 3853 semper
1034 3805 1099 3845 clem.
1144 3803 1166 3899 ὲ)
1176 3806 1207 3845 sic
1217 3806 1244 3849 Δ.

131 3859 176 3904 ΒΙ.
193 3863 221 3912 03
240 3864 351 3902 Henrlcus
369 3863 481 3910 (Hemone)
499 3861 540 3900 ΒΞ
558 3871 653 3910 πωρον,
671 3871 712 3902 om.
727 3859 826 3899 mitem
884 3860 915 3906 m)
928 3867 1011 3906 paucos
1026 3858 1048 3900 G.
1106 3856 1131 3909 n)
1165 3858 1196 3898 st.
1211 3859 1245 3907 A,-

132 3923 170 3956 οιιι.
186 3916 208 3957 0.
264 3919 287 3965 ο)
300 3916 340 3955 hoc
353 3916 412 3956 solur
425 3916 451 3956 G.

132 4073 146 4125 l
175 4073 218 4137 Cf.
233 4074 356 4140 praefat
387 4073 519 4125 Similiter
531 4073 639 4126 Sallust.
654 4071 774 4122 Catilina
792 4085 813 4124 c.
825 4071 858 4122 4:
877 4067 960 4120 statui
978 4083 1021 4120 ros
1039 4071 1129 4136 gestas
1147 4069 1244 4137 populi

93 4149 116 4189 ⁸⁶
171 4143 248 4196 mani
265 4143 391 4211 carptim,
415 4146 447 4194 nt
469 4158 590 4210 quaeque
614 4139 748 4194 memoria
772 4139 857 4206 digna
874 4138 1046 4206 videbantur,
1064 4138 1243 4207 perscribere,

130 4212 174 4264 uec
195 4215 322 4266 nonnum
338 4215 411 4268 codd.
430 4211 554 4266 strictim.
591 4213 695 4280 Kepha,
714 4209 889 4262 ‘Widukind'
904 4211 996 4276 1249.
1087 4209 1115 4278 2)
1140 4209 1244 4263 Eadem

130 4284 205 4335 verbu
223 4285 304 4348 infra
322 4284 346 4350 Ι,
362 4287 405 4343 39.
423 4284 464 4350 Π,
483 4287 506 4338 1.
526 4286 568 4339 31.
587 4285 618 4336 de
635 4282 773 4347 Hcimrto,
791 4281 834 4344 ΙΙ,
852 4283 895 4335 36.
915 4279 948 4332 de
968 4281 1065 4334 oram

182 4389 312 4430 widukind.
776 4409 778 4414 -
1014 4388 1028 4439 1
