3196 4880
328 332 363 386 as
726 311 727 316 '
777 326 998 384 wmumum

256 523 318 578 936.
327 513 481 597 imperiis
516 512 699 587 Saxonum,
738 511 865 576 indixit
903 512 946 576 ei'
973 510 1114 576 bellum.
1172 509 1241 590 Qui
1277 511 1371 574 misit
1406 511 1442 574 in

329 602 512 666 Saxoniam
535 602 580 664 ad
603 600 854 685 expostulanda
870 600 936 664 sibi
951 599 1090 663 auxilia.
1130 599 1285 663 Mittitur
1304 603 1440 665 autema

328 691 360 756 ei
384 683 485 755 Asicb
514 711 591 754 cum
619 689 754 772 legione
778 688 1109 754 Mesabufiorum0·1
1131 692 1167 753 et
1196 688 1312 752 valida
1341 710 1445 752 manu

328 774 666 862 Hassiganorumdd,
698 778 905 861 additurque
929 778 962 843 ei
987 778 1156 842 exercitus
1180 778 1444 861 Thuringorum.

329 867 413 932 Erat
447 887 595 951 namque
629 867 692 931 illa
725 867 817 950 legio
852 867 999 932 collecta
1033 887 1075 930 ex
1111 867 1315 931 latronibus.
1372 867 1475 932 Rexs

328 959 456 1041 quippe
481 957 665 1021 Heinrieus
690 977 768 1020 cum
798 959 887 1020 esset
917 956 1000 1020 satis
1031 976 1167 1020 severus
1198 956 1378 1032 extraneis,
1408 956 1446 1018 in

329 1047 487 1111 omnibus
519 1045 629 1110 causis
661 1047 735 1109 erat
765 1044 914 1110 clemens
944 1043 1092 1122 ciuibus;
1128 1045 1219 1108 unde
1254 1065 1447 1128 quemeum-

329 1155 395 1217 que
426 1134 568 1199 videbat
597 1134 733 1198 turum⁰
763 1136 824 1197 aut
854 1133 1086 1198 latronum0·3
1115 1154 1219 1198 manu
1253 1135 1381 1198 fortem
1411 1137 1447 1197 et

329 1223 430 1288 bellis
454 1225 584 1307 aptum,
617 1222 779 1287 adebita
802 1243 913 1306 poena
942 1223 974 1286 ei
1003 1223 1176 1307 parcebat,
1208 1221 1381 1288 collocans
1411 1223 1448 1284 in

329 1305 548 1376 suburbanof
590 1311 879 1389 Mesaburiorum‚
927 1311 1017 1375 datis
1056 1310 1147 1394 agris
1186 1314 1289 1394 atque
1332 1311 1446 1388 armis,
1466 1333 1489 1371 ιο

329 1400 430 1464 iussit
461 1401 592 1465 civibus
623 1401 761 1484 quidem
794 1421 944 1484 parcere,
979 1401 1016 1463 in
1047 1401 1210 1464 barbaros
1239 1403 1356 1464 autem
1386 1401 1446 1463 ine

330 1493 497 1573 quantum
528 1490 696 1554 auderent
726 1489 909 1554 latrocinia
939 1492 1146 1554 exercerent.
1197 1489 1448 1553 Huiuscemodi

329 1600 411 1662 ergo
446 1579 625 1642 hominum
659 1578 808 1643 collecta
839 1578 1028 1642 multitudo
1064 1578 1201 1662 plenam
1239 1579 1276 1642 in
1315 1577 1448 1662 expedi-

328 1669 460 1733 tionem
484 1668 648 1752 produxit
671 1667 853 1751 legionem.
896 1659 1070 1731 Bolizlarh
1097 1671 1214 1731 autem
1238 1667 1382 1732 audiens
1407 1667 1449 1731 de

330 1758 483 1822 exercitu
501 1757 680 1832 Saronico,
705 1760 740 1820 et
763 1757 844 1840 quia
868 1756 1019 1820 Saxones
1042 1767 1200 1820 seorsum
1219 1750 1270 1820 eti
1295 1776 1449 1820 seorsum
1467 1773 1490 1812 1⁵

329 1845 499 1928 Thuringi
528 1846 620 1910 irent
651 1847 770 1910 eontra
800 1866 846 1924 se,
882 1845 999 1909 divisis
1030 1847 1065 1909 et
1094 1845 1168 1928 ipse
1200 1845 1309 1922 sociis,
1345 1845 1450 1908 sicuti

330 1929 426 1999 eratk
459 1935 644 1998 acerrimus
680 1933 832 2012 consilio,
868 1927 1032 2016 utroque¹
1070 1934 1236 1998 exercitui
1270 1954 1449 1998 occurrere

330 2023 510 2107 disposuit.
553 2023 601 2086 At
624 2022 802 2106 Thuringi,
828 2026 868 2086 ut
891 2024 1008 2087 hostes
1031 2023 1204 2106 inprovise
1227 2023 1318 2086 sibim
1334 2043 1450 2086 occur·

330 2112 434 2176 sitare
464 2112 639 2188 viderunt,
675 2113 761 2194 fuga
794 2111 987 2196 periculum
1018 2112 1289 2176 devitaveruntt
1341 2112 1446 2175 Asic¹¹

330 2203 447 2264 autem
464 2221 542 2264 cum
559 2200 751 2264 Saxonibus
773 2204 809 2266 et
832 2202 976 2266 caeteris
1000 2200 1189 2264 auxiliariis
1216 2200 1325 2264 nichil
1349 2221 1449 2265 cunc·
1467 2219 1490 2258 ro

330 2292 425 2352 tatus
449 2289 486 2352 in
509 2290 626 2354 hostes
650 2290 721 2353 ruit
744 2290 994 2373 maximamque
1025 2293 1158 2374 partem
1183 2310 1225 2354 ex
1248 2290 1297 2354 eis
1321 2290 1445 2352 armis⁰

330 2378 434 2455 fudit,
460 2381 612 2442 caeteros
635 2379 757 2462 fugere
784 2378 951 2462 conpulit,
977 2378 1172 2461 *victorque
1196 2379 1240 2442 ad
1264 2383 1378 2442 castra
1402 2398 1450 2442 re·
1467 2395 1538 2448 aus.

330 2486 448 2531 versus
473 2471 534 2531 est.
574 2466 620 2530 Et
636 2487 714 2531 oum
735 2469 928 2552 ignorasset
944 2468 985 2532 de
1003 2468 1165 2544 exercitu,
1189 2468 1249 2549 qui
1271 2468 1450 2532 insecutus

330 2556 446 2620 fuerat
469 2556 673 2640 Thuringos
698 2558 811 2621 minus
836 2560 936 2621 caute
963 2577 1045 2620 usus
1076 2559 1128 2620 est
1157 2556 1303 2620 victoria
1333 2577 1449 2641 perpe·

330 2648 433 2708 trata.
480 2638 655 2709 Bolizlavll
682 2649 798 2710 autem
828 2646 948 2710 videns
979 2645 1168 2710 exercitum
1197 2649 1354 2708 nostrum
1386 2646 1449 2709 dis·
1466 2666 1489 2707 rs

331 2755 467 2818 pereum
498 2738 534 2798 et
563 2734 649 2799 elios
679 2735 716 2798 in
747 2735 967 2799 extrahendis
997 2734 1115 2818 spoliis
1145 2753 1331 2812 caesorum,
1363 2734 1450 2798 alios

330 2943 353 2994 a)
372 2943 393 2982 el
406 2947 481 2984 aulem
495 2943 541 2986 Bl.
599 2943 1021 2996 blesioA;AEs1032‚etstaposa
1081 2941 1102 2994 c)
1120 2943 1309 2982 ilersaburiorum
1322 2943 1369 2991 ΒΞ,
1385 2946 1406 2980 ot
1419 2943 1450 2980 lta

326 3001 386 3046 post.
463 2993 487 3045 d)
509 2994 691 3050 Harlllganorum
712 2997 770 3045 1323
794 2996 950 3045 hassingorum
970 2997 1038 3036 Saxo.
1116 2995 1137 3045 e)
1160 2997 1210 3036 fure
1230 3000 1270 3036 aut
1290 2996 1377 3035 latrone
1398 2996 1449 3034 132.

331 3049 352 3099 f)
371 3049 478 3089 suburbio
492 3050 516 3089 0.
536 3071 561 3079 -
580 3050 770 3090 Mersaburiorum
785 3049 835 3100 1323
851 3050 984 3090 metatur-oh
998 3050 1066 3092 Saso.
1126 3052 1149 3098 g)
1167 3049 1190 3088 in
1209 3061 1250 3094 om.
1269 3048 1317 3092 131.
1378 3049 1403 3095 h)
1420 3049 1450 3087 sic

210 3125 222 3135 s
330 3103 359 3142 A.
373 3103 402 3151 0,·
416 3103 509 3142 bolizlai
520 3103 567 3144 131.
581 3104 605 3154 23
620 3103 728 3143 bolizlau·
742 3104 810 3142 sm.
868 3103 885 3150 l)
899 3107 922 3142 et
935 3115 949 3142 a
963 3104 986 3145 0.
1044 3104 1068 3149 k)
1082 3103 1147 3142 sociis
1161 3103 1226 3142 sicuti
1240 3107 1313 3150 erant,
1328 3102 1450 3141 acerrimus
1467 3101 1489 3141 ³0

330 3155 380 3197 ΒΞ.
442 3155 459 3206 l)
474 3155 563 3204 utrique
578 3156 625 3200 Bl.
640 3157 659 3198 2.
674 3157 742 3196 Samo.
757 3177 784 3186 -
798 3157 898 3196 exercitu
913 3157 936 3199 0.
996 3155 1027 3208 m)
1041 3157 1139 3200 sihiom.
1154 3156 1176 3200 G.
1236 3154 1261 3206 u)
1275 3155 1328 3221 'qlsic
1342 3157 1374 3203 A‚·
1388 3155 1450 3196 AEsic

330 3209 379 3258 132,
394 3209 448 3246 sicut
461 3219 537 3258 supra.
591 3208 613 3260 ο)
627 3209 685 3248 fudit
698 3210 766 3250 armls
780 3211 807 3252 Δ.

333 3384 359 3453 1)
385 3384 408 3439 Ι.
428 3401 448 3438 c.
470 3384 736 3451 Merseburpensium.
779 3386 880 3439 Nomen
905 3393 942 3439 ost
967 3389 1070 3454 maine
1095 3387 1246 3440 saeuum.-
1270 3385 1400 3454 Meeihor‚
1426 3392 1449 3438 ot

330 3457 466 3522 siqnificot
483 3456 575 3507 urbem
593 3457 693 3510 medias
710 3459 781 3510 Inter
798 3459 879 3510 savos
897 3461 978 3510 altam
996 3459 1097 3525 (polea.
1116 3457 1231 3526 miedzy,
1250 3459 1347 3513 bolam.
1363 3475 1447 3524 mezy,

330 3529 419 3580 scrut.
444 3543 502 3579 mee
523 3551 554 3570 =
574 3525 659 3595 inter3
685 3527 738 3580 bor
763 3553 796 3572 ==
822 3527 911 3590 silva).
954 3529 1113 3595 Schofarilc,
1142 3529 1230 3584 ‘Slom
1256 3530 1447 3593 Altcmlnlmer,
1465 3539 1488 3580 aa

330 3599 417 3654 eoos.
435 3615 485 3652 voa
502 3597 676 3664 Actrenfcld’
694 3600 734 3666 II,
752 3616 782 3666 p.
799 3602 860 3656 620.
897 3601 937 3665 Cf.
956 3600 1102 3654 Ihs'etmar.
1118 3601 1144 3668 1,
1162 3603 1188 3666 2,
1208 3601 1256 3654 SS.
1274 3617 1298 3655 r.
1321 3601 1352 3656 G.
1369 3617 1400 3668 p.
1416 3603 1447 3664 23

330 3671 522 3737 Rodemacher,
548 3671 607 3722 ‘Dic
631 3670 697 3723 luds
717 3669 876 3737 Mereturp'
895 3669 1006 3737 (Propr.
1030 3674 1113 3738 1898)
1135 3689 1164 3738 p.
1185 3675 1269 3738 13251.
1295 3703 1330 3710 -
1353 3673 1447 3724 Aliam

330 3744 478 3808 opitiorum
508 3743 625 3807 defendit
652 3741 791 3808 Westbery,
823 3740 972 3794 ‘Memoires
998 3743 1029 3794 da
1056 3742 1212 3796 l'acaddmio
1241 3742 1379 3810 imperiale
1404 3743 1447 3794 des

330 3816 439 3866 scientes
463 3815 495 3865 de
513 3812 756 3879 St-Pdterstourq,
779 3813 817 3867 Ol.
836 3813 1006 3880 hoe-poor,
1031 3830 1082 3869 ser.
1100 3815 1179 3878 VIII,
1205 3820 1265 3868 tom.
1284 3814 1342 3879 III,
1368 3830 1411 3867 nr.
1430 3815 1447 3866 4

331 3885 436 3951 (1898),
452 3902 482 3951 p.
496 3886 529 3939 61
542 3901 598 3952 sqq.
671 3885 698 3950 2)
714 3885 821 3936 Incolae
835 3886 907 3950 papi
923 3885 1089 3951 Hassepowe,
1108 3888 1179 3937 inter
1196 3884 1310 3936 Unstrut
1328 3890 1353 3937 et
1369 3884 1446 3936 Scala
1462 3894 1486 3934 ιο

330 3956 433 4020 fluuios,
451 3957 481 4006 ia
500 3971 552 4021 quo
570 3961 593 4006 et
610 3959 672 4022 ipsa
689 3956 754 4007 urbs
771 3955 928 4022 Mcrsebwrp
945 3959 999 4008 oda
1024 3957 1086 4020 fuit.
1177 3956 1206 4025 3)
1231 3957 1272 4022 Os.
1294 3956 1365 4011 Oont.
1383 3955 1445 4020 Ray.

330 4041 356 4079 o.
376 4027 437 4089 920,
459 4025 507 4080 SS.
526 4041 551 4080 r.
572 4027 603 4080 G.
625 4043 655 4093 p.
676 4029 744 4082 156:
768 4024 853 4078 Multi
872 4025 946 4079 enim
963 4026 1016 4078 illis
1042 4027 1211 4095 temporibus
1236 4027 1318 4080 etiam
1343 4025 1445 4080 nobiles

329 4095 481 4149 latrociniis
508 4095 679 4152 insudabant.
728 4095 809 4149 Hanc
834 4099 935 4149 mr‘ram
961 4098 1088 4150 Helorion·
1112 4100 1303 4152 imitationem
1330 4099 1446 4150 accedere
1575 4061 1578 4126 ⁴

331 4168 396 4231 illis,
424 4183 492 4234 quas
519 4183 544 4223 a.
571 4169 733 4224 924-932.
760 4169 796 4220 od
820 4167 956 4234 Unparios
980 4171 1108 4222 arcendos
1135 4171 1324 4222 introduceret
1348 4170 1445 4234 (supra

331 4239 355 4303 I,
368 4241 427 4306 36),
440 4245 515 4305 potes
527 4241 647 4294 conioerc.
719 4241 747 4304 4)
761 4239 829 4294 Wid.
842 4240 946 4306 cuipiam
959 4241 1045 4293 otidis
1056 4257 1075 4292 a
1087 4241 1241 4294 Sacrorum
1253 4243 1283 4292 ia
1295 4240 1445 4306 Ihmtnuos
1459 4246 1483 4286 co

330 4311 482 4374 transferre
500 4311 618 4363 enititur.
657 4311 697 4374 Of.
715 4311 823 4373 Hauek,
842 4310 922 4366 ‘Ka’
939 4311 996 4377 III,
1012 4330 1040 4379 p.
1055 4315 1116 4379 313,
1134 4330 1160 4368 n.
1173 4315 1198 4368 8.
1576 4309 1578 4352 l

1575 4467 1578 4584 l
