3132 4896
336 309 475 366 RERUM
493 310 706 367 GESTARUM
724 309 1007 368 SAXONIOARUM
1025 311 1097 368 ΠΒ.
1116 312 1140 370 Ι.
1280 317 1296 369 7

289 491 393 555 VII.a
435 493 591 558 Fuerunt
617 495 731 558 eutem
758 493 876 577 etqui
899 495 964 558 hoo
989 494 1143 560 facinore
1173 517 1298 561 nomen

179 578 251 642 illis
275 580 426 643 inditum
446 575 623 646 tredentl.
659 579 803 646 Oultelli
819 583 910 646 enim
926 586 1045 646 nostra
1059 584 1180 666 lingua
1197 583 1295 649 ‘sehs’

181 667 355 746 dicuntur,
391 669 536 752 ideoque
572 669 722 734 Saxones
756 673 987 753 nuncupatos,
1027 671 1108 754 qnia
1146 671 1297 736 oultellis

179 759 316 820 tantem
341 757 602 822 multitudinem
625 759 799 822 fudissent
808 758 828 818 1.

146 883 161 924 s
289 861 411 926 ἮΠ.ο
449 863 541 926 Dum
566 884 607 928 ee
630 859 854 947 gerunturl·²
876 865 968 947 apud
986 864 1188 928 Senoniame
1209 885 1297 948 quae

179 951 232 1014 ita
254 951 356 1014 modo
383 951 558 1015 vocitatur
587 953 772 1036 regionem,
803 947 1024 1016 Bnuanniaf
1050 973 1071 1016 a
1086 952 1297 1037 Vespasiano

178 1039 1297 1212 testitudinisiliustratus{nabilis

178 1216 379 1279 nationibus
417 1217 641 1300 inpugnatur,
688 1237 729 1282 eo
767 1219 859 1300 quod
897 1217 1024 1281 auxilio
1063 1219 1297 1283 Romanorum

129 1325 161 1364 ιο
180 1303 351 1368 destituta
365 1305 551 1369 videretur.
587 1305 741 1389 Populus
757 1325 904 1389 namque
919 1305 1104 1383 Romanus,
1122 1306 1299 1369 Martiali⁵

179 1392 387 1475 imperatore
410 1413 431 1457 a
454 1393 623 1458 militibus
646 1394 842 1471 interfecto,
863 1395 1012 1458 externis
1030 1394 1130 1458 bellis
1146 1394 1298 1478 graviter

178 1480 349 1563 fatigatus
387 1501 457 1545 non
500 1482 697 1547 sufficiebat
739 1482 842 1546 solita
886 1483 1014 1545 auxilie
1056 1483 1298 1547 administrare

180 1570 309 1634 amicis.
367 1569 535 1634 Extruoto
572 1573 690 1636 tamen
727 1571 863 1653 ingenti
898 1590 1000 1654 opere
1038 1571 1082 1633 ad
1121 1571 1297 1633 munimen

179 1658 329 1741 regionis
352 1657 443 1722 inter
467 1659 616 1742 confinia
639 1679 660 1723 a
683 1660 769 1722 mari
791 1679 900 1742 usque
930 1659 974 1721 ed
1003 1657 1127 1734 meret,
1158 1658 1219 1722 ubi
1248 1659 1297 1720 in·

129 1765 159 1805 rs
180 1749 281 1830 petus
315 1747 466 1810 hostium
501 1748 685 1812 ridebatur
718 1747 809 1824 fore,
845 1747 1088 1829 relinquebant
1121 1746 1297 1828 regionem

179 1833 336 1899 Romani.
384 1830 452 1900 Sed
480 1837 572 1900 hosti
602 1835 725 1900 acriori
754 1839 791 1900 et
821 1836 865 1898 ad
894 1835 1095 1899 bellandum
1126 1837 1295 1918 prompto,

179 1923 243 1986 ubi
264 1944 348 2006 gens
371 1924 486 1988 mollis
510 1927 546 1989 et
568 1926 668 2010 pigra
694 1924 778 1989 belli
808 1923 948 2000 resistit,
978 1923 1077 1987 nulla
1107 1923 1296 1988 difficultas

179 2013 218 2075 in
253 2013 462 2076 destruendo
497 2033 598 2097 opere
632 2013 713 2076 fuit.
775 2012 890 2095 Igitur
922 2012 1017 2076 fama
1051 2012 1218 2096 prodente
1254 2013 1296 2076 de

179 2101 283 2165 rebus
313 2121 334 2164 a
364 2099 556 2164 Senonibus
585 2121 745 2185 prospere
775 2101 898 2185 gestis,
929 2100 1118 2185 supplicem
1149 2099 1297 2164 mittunt

128 2190 388 2273 relegationem
425 2191 469 2253 ad
500 2210 619 2254 eorum
653 2189 862 2273 postulanda
892 2188 1052 2253 auxilia5.
1107 2188 1153 2253 Et
1183 2209 1296 2272 prooe-

180 2369 292 2421 e)V1.0.
347 2371 369 2418 b)
383 2367 474 2410 tradant
489 2381 530 2414 om.
545 2371 573 2412 A.
632 2369 652 2422 e)
666 2371 717 2414 VII.
732 2371 754 2415 O.
809 2371 832 2420 d)
845 2382 889 2422 que
904 2371 955 2415 add.
969 2371 1015 2415 1³1.
1073 2369 1094 2422 e)
1108 2369 1236 2410 monicum
1251 2369 1298 2413 Bl.

179 2424 199 2470 s)
212 2424 329 2464 Britannia
342 2423 383 2462 Ba
396 2433 485 2473 semper.

181 2574 209 2639 1)
230 2573 270 2638 Cf.
289 2573 392 2626 Nauali
406 2573 477 2628 Her.
496 2574 615 2627 Brittou.
634 2589 654 2628 o.
668 2575 712 2642 46,
731 2575 807 2630 Aeol.
824 2581 879 2630 ant.
896 2575 982 2643 XIII,
997 2593 1028 2644 p.
1042 2577 1102 2640 189,
1122 2580 1147 2626 et
1163 2576 1298 2628 simillimo

180 2645 253 2698 Aen.
272 2643 357 2710 Stau,
375 2643 424 2699 SS.
443 2645 525 2708 XVI,
545 2662 574 2712 p.
594 2648 655 2711 311,
676 2645 861 2700 nassamones
883 2669 900 2701 e
923 2647 1073 2712 Iburinytr
1094 2647 1155 2698 dolo
1178 2649 1299 2714 oppressi

129 2729 159 2769 au
180 2716 349 2766 exclamant:
375 2714 503 2768 ‘Nemeth
521 2715 591 2768 iuwe
615 2715 717 2768 saxesl'
754 2715 836 2770 Unde
862 2717 1012 2770 abeodem
1030 2717 1212 2768 instrumento
1234 2721 1298 2770 sunt

181 2783 302 2840 Saxones
321 2785 458 2854 appellati.
491 2787 553 2838 Vita
569 2787 653 2840 Altm.
671 2803 692 2841 e.
713 2790 738 2853 1,
758 2787 805 2842 SS.
824 2787 893 2854 XII,
910 2805 938 2854 p.
951 2790 1019 2843 229:
1039 2785 1085 2854 qui
1102 2788 1170 2854 (avil.
1189 2789 1297 2854 calme)

180 2855 274 2925 lingua
293 2871 387 2910 eorum
407 2856 468 2910 seha
486 2856 655 2923 dicebantur,
675 2873 692 2909 e
710 2856 807 2924 quibus
825 2856 968 2926 Sehsdnes,
990 2874 1046 2910 non
1065 2857 1186 2910 Saxones
1205 2857 1298 2926 appel·

180 2927 280 2982 lentur.
318 2927 476 2992 (intifredus
494 2927 591 2982 Vitorb.
613 2930 643 2978 in
660 2927 806 2993 Pambeon,
826 2928 874 2983 SS.
893 2927 992 2995 XXII,
1011 2945 1040 2995 p.
1061 2931 1127 2983 148:

394 2995 458 3065 Ipse
476 2998 566 3051 brevis
584 2997 691 3066 gladius
709 3001 776 3065 aput
793 2998 855 3051 illos
874 3015 940 3050 saxo
958 3001 1081 3064 vooetur,

129 3083 159 3124 so
394 3067 475 3122 Unde
494 3069 546 3121 sibi
564 3065 638 3122 Saxo
656 3085 757 3122 nomen
774 3067 912 3136 peperisse
930 3072 1049 3123 notetur.
1153 3087 1155 3094 ·

186 3139 298 3192 Talibus
315 3139 428 3192 attolle
446 3139 567 3192 Saxones
588 3142 618 3192 ie
638 3141 756 3206 picturis
774 3141 881 3208 Speoeli
897 3140 1037 3194 Sororum
1061 3141 1131 3207 qraod
1154 3141 1254 3194 dieder
1280 3159 1298 3194 a

182 3209 271 3261 ffloess
289 3212 512 3264 intemwseunm.
548 3210 620 3262 Fuso
637 3211 668 3262 de
686 3211 733 3262 hoo
751 3227 803 3262 usu
826 3214 877 3277 epit
899 3213 979 3262 etiem
997 3211 1115 3266 Gobelia.
1134 3213 1173 3266 ed.
1192 3211 1297 3265 Jarwen

180 3298 207 3348 p.
227 3282 304 3346 deq,
329 3286 354 3332 et
377 3296 444 3335 aueo.
467 3281 500 3332 X
503 3281 564 3334 VII.
590 3297 632 3336 ee.
655 3280 777 3346 Sciratae,
802 3282 875 3337 Hie.
899 3282 1021 3346 Westsul.
1046 3282 1193 3349 (Neuhueii
1216 3285 1297 3351 1690)

180 3369 207 3418 p.
221 3353 288 3405 177:
307 3349 387 3416 Usus,
405 3354 501 3418 inque,
518 3350 600 3404 huius
617 3351 692 3404 voeis
709 3351 858 3406 hodiedum
876 3352 905 3405 in
918 3351 1089 3406 Seterlandie
1105 3353 1211 3406 obtinet
1223 3353 1297 3421 apud

130 3435 161 3478 35
182 3421 283 3474 insoles
307 3421 391 3489 prisei
415 3421 547 3475 sermonis
571 3421 805 3490 retinentissimus,
829 3422 903 3492 apud
928 3439 1002 3491 quos,
1029 3425 1061 3476 ut
1085 3440 1178 3478 eoram
1204 3424 1297 3478 audivi

182 3491 332 3560 loquentes,
351 3489 438 3545 Saehs
457 3491 576 3546 erdtrum
601 3496 688 3547 sonet.
773 3495 800 3562 2)
819 3493 872 3546 His
896 3495 983 3548 verbis
1006 3497 1093 3547 παίων
1116 3495 1297 3548 Wr‘dulriudus
1323 3507 1328 3516 ·
1355 3549 1358 3556 ,

181 3579 235 3615 non
253 3564 289 3616 ad
305 3579 399 3616 ream
416 3563 535 3616 ords'nem
548 3567 688 3632 perspicue
705 3565 911 3631 ἀεεσνίὸθηᾱιιηι,
936 3566 981 3618 sod
998 3572 1028 3616 ut
1046 3566 1133 3618 Badra
1149 3565 1220 3620 Hae.
1239 3567 1297 3625 md,

180 3636 266 3700 uenas
289 3635 370 3700 Aegl.
396 3635 420 3700 I,
447 3649 468 3689 o.
491 3637 525 3689 14
537 3651 591 3702 sqq.
616 3637 739 3703 quamvis
759 3651 861 3703 pamm
884 3642 1008 3688 onerate
1031 3642 1154 3702 arepto
1178 3637 1296 3692 induet.

181 3705 219 3756 At
231 3705 381 3768 Buodolfua
392 3705 472 3759 awo.
490 3721 558 3772 ᾳιιαι
575 3707 606 3758 de
623 3708 741 3759 sociem
759 3723 818 3758 eum
828 3707 948 3758 Frende
965 3709 1036 3758 iude
1050 3707 1146 3773 tradit,
1159 3708 1299 3772 optr'sst'me

130 3790 161 3828 so
181 3777 317 3842 coniungit
334 3778 371 3828 ab
389 3791 456 3844 quoe
468 3777 499 3828 de
510 3777 627 3842 appulsu
639 3777 778 3829 &eonem
792 3778 926 3843 praefert.
992 3777 1020 3846 3)
1039 3777 1181 3828 Marciano
1194 3780 1298 3844 potine,

181 3849 228 3913 qui
243 3851 333 3898 tem
344 3862 396 3898 sua
407 3852 490 3898 morta
502 3848 641 3912 Mundus
654 3854 698 3902 eat.
730 3848 770 3912 Of.
784 3848 859 3899 Beda
871 3848 896 3914 Ι,
909 3864 929 3902 e.
944 3850 978 3903 15
985 3864 997 3911 ;
1012 3849 1085 3901 Aen.
1100 3847 1297 3913 bemineru,

181 3916 228 3972 SS.
248 3915 306 3983 III,
322 3933 351 3983 p.
370 3919 413 3972 31.
449 3917 643 3969 Widuks‘ndum
659 3919 691 3969 da
707 3918 803 3971 Murco
819 3920 979 3984 imperatore
996 3920 1026 3970 ia
1044 3919 1193 3970 Britannia
1210 3919 1296 3984 abdo,

176 3989 263 4055 poulo
278 3993 339 4055 poet
353 3987 491 4052 interfecte
502 3989 641 4054 (Zostame
654 3987 700 4054 VI,
715 3991 740 4054 2,
753 3989 790 4042 ed.
804 3989 836 4043 L.
850 3989 1035 4042 Mendalseotn
1046 4006 1075 4056 p.
1089 3991 1155 4050 282)
1170 3992 1299 4055 reptasse

179 4061 227 4110 oie
240 4060 374 4126 praeeram.
446 4059 474 4126 4)
492 4059 533 4124 Of.
552 4059 626 4111 Beda
645 4060 668 4124 I,
689 4074 709 4113 e.
725 4062 757 4114 δι
777 4057 892 4112 Severus
910 4075 1038 4128 magnam
1056 4059 1157 4112 fossam
1175 4057 1298 4111 firmissi-

131 4142 162 4182 45
179 4145 311 4196 mumque
329 4127 432 4181 vallum
452 4171 458 4183 .
478 4171 484 4183 .
504 4128 608 4182 amari
625 4128 662 4181 ad
679 4145 755 4182 mare
773 4129 859 4184 duxit.
949 4129 976 4199 5)
998 4130 1169 4196 maumam
1187 4132 1296 4182 mbwm

177 4217 233 4254 reae
257 4201 339 4252 emm
363 4199 438 4252 Beda
461 4199 486 4267 I,
513 4217 535 4252 e.
560 4203 602 4257 14.
627 4201 734 4264 mdiu
760 4201 830 4253 tuae
854 4215 915 4253 uero
940 4203 1085 4254 orrtrbnem
1109 4206 1199 4253 nostor
1222 4201 1296 4253 solua

176 4272 291 4326 eelim.
