3202 4874
335 327 370 382 98
784 315 1005 372 WIDUKINDI

266 503 474 589 omiugem1
498 524 576 568 cnm
600 500 680 565 filiis
703 500 820 585 patrui
843 504 879 564 et
902 499 1020 564 amieis
1044 520 1114 563 non
1138 498 1249 562 solum
1272 500 1367 575 urbe,
1397 501 1458 564 sed

337 600 373 660 et
396 593 536 677 regione
560 591 723 656 excedere
748 590 850 672 cogit.
891 588 988 652 Haeo
1011 588 1126 651 omnia
1150 608 1171 651 a
1187 587 1261 652 Deo
1286 589 1458 653 oredimus

338 688 425 758 acta,
456 684 497 745 ut
527 680 607 764 qui³
635 679 889 743 serenissimum
920 697 1034 760 regem
1060 676 1219 759 plurimis
1248 676 1387 760 populis
1417 696 1457 740 aa

338 771 500 855 gentibus
523 769 686 853 preficere
708 766 830 844 voluit,
855 766 1003 830 disceret
1027 785 1148 848 parum
1177 765 1213 828 in
1244 785 1289 844 se,
1321 766 1358 828 in
1382 766 1458 829 Deo

337 881 418 925 vero
441 859 557 924 omnia
580 876 687 942 posse.
1476 875 1490 915 a

445 947 543 1011 XXI.
587 945 672 1008 Erat
695 947 809 1008 autam
834 943 949 1006 iunior
964 935 1154 1006 Arnullusb
1176 963 1254 1006 oum
1277 943 1456 1019 fratribus,

338 1037 398 1121 qui
420 1036 491 1100 tale
516 1034 697 1100 consilium
720 1033 940 1096 machinatus
964 1033 1017 1095 est
1040 1033 1162 1095 contra
1178 1031 1391 1108 Heinricum,
1416 1052 1458 1095 eo

338 1125 430 1209 quod
465 1127 610 1208 paterno
646 1143 753 1206 regno
784 1121 1038 1202 subrogaretur,
1070 1121 1144 1204 ipse
1179 1123 1295 1184 autem
1326 1119 1458 1184 honore

338 1214 450 1298 patrio
474 1213 629 1296 privatus
660 1213 750 1276 essct
760 1211 781 1271 ².
835 1209 940 1273 Porro
972 1209 1141 1273 exercitus
1173 1208 1308 1272 diutino
1338 1208 1458 1273 labore

337 1302 508 1385 fatigatus
531 1300 728 1365 missionem
752 1299 841 1382 petit
866 1301 901 1362 et
932 1297 1067 1380 accipit,
1100 1301 1200 1380 regeo
1229 1318 1307 1361 cum
1337 1298 1459 1381 paucis
1478 1320 1503 1358 ιο

338 1390 525 1455 admodum
548 1389 658 1453 filium
681 1389 718 1451 in
742 1381 959 1452 Boioariam‘1
984 1386 1224 1470 subsequente.

446 1478 584 1542 *XXII
625 1478 704 1560 Ipse
728 1496 876 1558 nemque
901 1479 975 1540 erat
998 1475 1158 1558 patiens³
1180 1474 1337 1540 laborum
1354 1495 1461 1558 supra
1478 1489 1561 1538 *rr-⁴⁵⁶.

338 1571 461 1651 quam⁰
490 1567 584 1632 credi
612 1566 722 1649 possit
745 1567 788 1629 de
812 1565 951 1628 homine
975 1563 1018 1627 ab
1044 1563 1279 1628 adolescentia
1308 1563 1460 1628 delicate

337 1657 481 1720 nutrito.
528 1655 757 1719 Multitudine
782 1654 929 1736 denique
953 1653 1134 1716 deficiente
1158 1673 1179 1716 a
1201 1653 1278 1730 fide,
1309 1652 1380 1716 rari
1403 1654 1460 1716 ad·

338 1746 478 1809 modum
503 1747 611 1823 erant,
637 1743 697 1826 qui
719 1745 835 1826 partes
858 1743 949 1825 regis
974 1742 1190 1806 adiuvarent.
1243 1741 1343 1805 Inter
1373 1762 1461 1825 quos
1480 1762 1507 1800 ιι

338 1837 413 1898 erat
443 1834 583 1916 qnidam
613 1824 906 1896 adelberhtus-⁴
935 1833 972 1894 et
1001 1830 1062 1894 alii
1092 1851 1171 1894 cum
1200 1850 1241 1895 ao
1271 1831 1462 1895 admodum

362 1942 450 1986 auor.

338 1945 360 2006 p
445 2010 585 2074 XXIII.
646 2009 823 2072 Militanta
868 2009 1054 2072 adversusi
1096 1999 1334 2090 Mogontiamh
1376 2027 1461 2089 rege

339 2091 591 2163 Herimannus¹
625 2098 695 2161 dux
726 2097 908 2161 Saxoniam
940 2096 1147 2179 procurabat
1156 2095 1178 2158 ⁵.
1231 2095 1319 2160 Cum
1348 2116 1461 2159 novus

340 2188 511 2252 exercitus
534 2209 555 2250 a
579 2186 728 2250 Saxonia
751 2186 795 2250 ad
819 2185 1099 2270 supplementum
1122 2185 1248 2249 veteris
1279 2184 1372 2248 mitti
1403 2185 1460 2248 de·
1479 2207 1506 2245 ao

340 2275 501 2353 bulssetl,
529 2269 790 2339 Thiadneusffl
818 2275 999 2357 iuniorque
1023 2266 1294 2338 Wichmannus¹
1325 2274 1356 2338 ei
1386 2294 1460 2356 pre·

338 2364 447 2428 fuere.
505 2364 729 2446 Attingentes
762 2362 928 2428 terminos
959 2363 1184 2441 Francorum,
1217 2383 1237 2426 a
1267 2361 1460 2426 Liudulfom

340 2452 494 2535 duceque
533 2452 738 2516 Ouonrad0¹¹
780 2453 895 2516 subito
939 2451 1154 2526 circumfusi,
1200 2452 1238 2514 in
1284 2451 1460 2516 desertum

339 2542 513 2624 quoddam
548 2545 720 2624 coguntur
753 2540 946 2605 castellum.
1004 2538 1105 2619 Quod
1140 2561 1216 2604 oum
1257 2541 1460 2623 obpugnare

338 2747 360 2798 ιι)
373 2749 405 2788 aiu
418 2750 510 2798 eodum
528 2749 547 2788 le
562 2759 628 2797 quern
644 2749 699 2790 Wta.
716 2748 809 2787 scribere
822 2749 900 2790 debuit.
967 2748 991 2797 b)
1006 2747 1136 2797 Amulpbns
1148 2748 1200 2799 1³25
1221 2748 1301 2788 arnoll.
1314 2748 1377 2790 Μ,
1392 2747 1461 2790 Sauo.
1479 2751 1505 2791 25

339 2804 359 2852 c)
380 2813 456 2852 regem
474 2803 497 2845 0.
560 2802 583 2852 d)
601 2803 632 2842 aie
645 2802 666 2844 b.
680 2803 694 2843 l.
708 2803 754 2844 131.
769 2803 797 2850 0,·
816 2802 939 2842 bawariam
957 2803 985 2841 A.
1004 2802 1077 2849 Saum·
1097 2801 1226 2842 BaioarIam
1244 2801 1294 2844 Ba.
1355 2800 1376 2852 e)
1391 2812 1460 2850 quam

338 2853 399 2904 quod
417 2857 444 2897 A.
461 2856 511 2898 Ba.
579 2853 739 2906 Qadelbertus
753 2856 780 2895 A.
795 2856 842 2896 131.
854 2855 878 2906 23
898 2855 1088 2903 northamtune,
1106 2853 1235 2894 adalbertus
1253 2855 1319 2897 swa.
1385 2857 1410 2904 g)
1427 2855 1461 2892 eie

338 2909 367 2948 A.
381 2909 428 2951 Bl.
443 2909 499 2951 2.(1.
515 2909 581 2952 Sana.
634 2908 658 2956 h)
671 2908 838 2957 aroucam
852 2909 990 2956 maguntiam
999 2910 1031 2956 A,·
1045 2909 1242 2959 moguntiamB13
1257 2907 1398 2958 Moguucinm
1411 2908 1461 2951 132.

338 2960 354 3011 l)
373 2961 507 3001 harmannus
521 2962 548 3003 A.
620 2961 644 3010 k)
662 2962 804 3001 theodericus
821 2963 848 3003 A.
869 2962 941 3010 Sacer
962 2959 1098 3002 thiedericus
1112 2962 1158 3004 131.
1173 2962 1196 3012 23
1216 2959 1320 3002 thiedric.
1340 2961 1460 3003 Thr'etmar.

338 3015 354 3064 l)
367 3016 399 3054 cic
412 3016 433 3057 la
443 3016 458 3057 l.
471 3016 531 3053 salua
541 3015 613 3062 Saea,-
627 3015 765 3064 wigmannus
779 3016 807 3054 A.
816 3015 971 3064 (Titianam,-
984 3015 1122 3054 wicmannus
1136 3015 1182 3057 131.
1191 3016 1212 3055 2.
1227 3015 1250 3054 G.
1291 3013 1322 3064 m)
1331 3015 1416 3054 ludolfo
1426 3015 1460 3063 A,·
1479 3018 1505 3058 ³0

338 3068 431 3108 liudolfo
445 3068 492 3112 1³1.
505 3068 578 3116 Suam
591 3066 720 3117 landulpho
738 3068 758 3107 Β
767 3068 787 3109 2.
840 3071 865 3116 ιι)
879 3066 977 3108 conrado
991 3069 1017 3110 A.
1029 3069 1076 3112 131.
1090 3069 1112 3112 0.
1126 3069 1201 3114 saun·
1214 3066 1318 3108 Ouarada
1331 3068 1378 3110 ΒΞ.

339 3225 366 3294 1)
385 3225 532 3281 Iuditharn.
611 3227 639 3296 2)
659 3227 701 3292 Cf.
720 3243 808 3294 supra
825 3227 865 3294 II,
884 3229 927 3282 36.
1006 3227 1035 3298 3)
1053 3227 1161 3282 Sallust.
1182 3228 1239 3282 Cat.
1257 3243 1278 3282 c.
1298 3229 1330 3282 5:
1352 3225 1461 3294 Corpus

337 3295 444 3364 patiens
461 3295 570 3350 inediae
584 3340 589 3352 .
603 3340 610 3353 .
624 3314 706 3366 supra
724 3315 807 3364 quam
826 3299 955 3365 cuiquam
973 3297 1103 3351 credibile
1122 3301 1170 3353 est.
1207 3299 1250 3363 Of.
1269 3314 1357 3366 supra
1370 3315 1402 3366 p.
1415 3301 1460 3363 72,

338 3383 365 3420 n.
385 3369 410 3421 5.
499 3367 528 3436 4)
555 3369 644 3421 Comae
668 3369 783 3422 walae
804 3375 904 3437 patene.
949 3369 992 3434 Cf.
1017 3370 1091 3423 Ann.
1110 3369 1232 3435 Sanpall.
1253 3371 1317 3425 mai.
1344 3385 1370 3424 a.
1390 3371 1460 3437 9543

342 3438 406 3488 Vita
432 3437 572 3489 &adalrici
595 3455 615 3493 e.
636 3442 678 3494 10.
773 3441 801 3506 5)
825 3441 868 3505 Os.
893 3457 981 3508 eumn
1001 3458 1031 3508 p.
1050 3443 1094 3507 57,
1119 3457 1146 3495 n.
1170 3443 1196 3495 9.
1286 3441 1314 3506 6)
1343 3440 1417 3504 Quae
1440 3458 1461 3492 a
1480 3452 1506 3491 eo

344 3508 509 3560 Widulrindo
527 3510 558 3562 de
574 3510 719 3562 Thiadre'ai
733 3518 758 3562 et
771 3512 942 3563 Wielrmanni
958 3512 1121 3579 expeditione
1132 3517 1297 3578 narrantur,
1310 3513 1367 3562 iam
1379 3518 1461 3564 antea

336 3585 410 3645 pecta
434 3595 488 3632 esee
511 3587 630 3648 oportet,·
654 3598 718 3633 nam
736 3582 888 3647 [sindulfus
905 3589 968 3634 tuna
984 3583 1170 3650 Ratispcnam,
1195 3582 1337 3635 Conradue
1355 3583 1461 3635 Mettim

337 3667 364 3703 ae
381 3658 523 3719 receperat,
545 3667 627 3718 neque
645 3654 731 3705 innati
747 3653 848 3705 oleum
866 3653 910 3706 leia
934 3655 1016 3722 eapite
1040 3655 1081 3706 ire
1101 3659 1254 3720 patuerunt.
1298 3653 1461 3706 Exeundum

337 3737 391 3774 nan
409 3724 440 3774 in
457 3723 625 3789 Bareariam,
650 3725 696 3774 aed
718 3725 748 3775 in
765 3723 915 3776 Franciarn
939 3726 1048 3776 ductum
1065 3740 1119 3777 esee
1137 3724 1206 3779 Wid.
1225 3727 1281 3792 e'pae
1298 3725 1409 3792 indicat,
1435 3732 1461 3777 et

337 3795 452 3857 fortasse
470 3809 483 3844 e
500 3808 557 3860 cap.
577 3796 619 3848 25.
644 3796 761 3846 conicere
780 3796 837 3847 licet
854 3798 911 3846 iarn
929 3801 989 3848 ante
1007 3795 1116 3847 Eabertr'
1131 3795 1299 3859 dotationem
1317 3796 1380 3848 haee
1398 3803 1461 3848 aeta
1480 3809 1507 3846 eo

338 3878 399 3917 esse.
435 3863 493 3915 Hac
512 3865 566 3916 loeo
583 3865 751 3931 reseraretur,
774 3871 804 3916 nt
821 3865 958 3918 Senoniae
981 3872 1068 3918 motus
1092 3881 1187 3918 caum
1211 3873 1370 3934 appareant.
1416 3868 1459 3932 Os.

337 3933 480 3985 Dimmler
499 3951 529 4000 p.
549 3937 610 4001 223,
630 3951 658 3990 n.
677 3938 701 3994 2.
775 3936 803 4005 7)
829 3937 993 3989 Ileiadriaus
1016 3938 1120 3989 ndaur
1143 3952 1197 3990 asae
1221 3940 1254 4002 r's,
1279 3940 1326 4004 qui
1349 3954 1377 3993 a.
1396 3940 1460 3994 965.

340 4002 441 4055 Geroni
457 4007 487 4056 in
504 4006 629 4057 marchia
651 4009 854 4074 septentrionali
875 4009 991 4074 repende
1014 4009 1152 4060 aumeeeit:
1175 4009 1207 4060 de
1224 4008 1347 4074 Leutecla,
1368 4009 1460 4061 ‘Gara'

335 4091 363 4140 p.
383 4075 427 4139 92,
452 4090 479 4128 n.
500 4077 560 4130 149.
583 4077 776 4130 Wiehmannus
800 4078 875 4143 filine
893 4080 947 4144 fnit
965 4079 1142 4146 Wielrmanni,
1164 4080 1240 4131 auius
1264 4095 1351 4146 supra
1372 4080 1413 4145 II,
1432 4083 1459 4135 4.
1598 4125 1599 4142 ,

337 4149 361 4195 et
381 4146 421 4197 11.
441 4147 538 4198 mentio
555 4149 629 4212 saeta
646 4154 701 4210 est;
725 4149 759 4211 af.
780 4149 932 4216 Wedelrind,
953 4148 1060 4202 ‘Noten'
1079 4150 1120 4216 II,
1140 4167 1169 4217 p.
1189 4152 1225 4205 66
1236 4166 1299 4217 squ,
1321 4167 1353 4203 aa
1370 4167 1461 4218 nuper
1480 4163 1508 4202 ec
1598 4169 1599 4200 1

337 4214 483 4335 tWeatlpIrIy,
504 4216 591 4340 ‘an.
609 4219 641 4270 de
657 4219 754 4344 sagena.
773 4220 804 4273 de
816 4221 855 4272 St.
868 4219 1050 4287 Ptterabourp,
1071 4221 1107 4276 Ol.
1124 4221 1293 4288 hiet.-pltil.’,
1311 4238 1363 4277 ser.
1377 4223 1460 4289 VIII,

348 4300 413 4337 oms
465 4302 542 4351 ,nrt
577 4307 636 4355 ,μ
675 4293 716 4343 l.
