3178 4880
303 323 321 378 d
752 317 972 373 WIDUKINDI

305 503 378 580 bus,
403 501 463 565 alii
486 521 565 566 eum
583 501 725 565 irridere
744 502 933 584 coeperunt
947 500 1169 576 amicorum⁸,
1189 499 1249 563 alii
1265 517 1419 583 arguere,

305 609 422 655 omnes
445 590 574 673 pariter
598 592 769 654 amentem
789 609 868 653 eum
883 588 1114 653 crediderunt.
1152 588 1200 651 At
1222 587 1283 652 ille
1306 590 1420 671 postu-

305 679 377 742 lato
400 678 554 743 silentio:
581 676 801 761 Sequimini,
825 670 973 759 inquitl,
999 677 1072 754 ‘me,
1097 677 1221 760 optimi
1236 676 1387 740 Saxones
1398 675 1418 750 ¹,

305 769 341 832 et
375 787 485 831 meam
515 765 611 830 vobis
642 765 828 830 amentiam
862 765 1052 848 probabitis
1081 765 1225 829 utilem'.
1279 767 1327 828 At
1356 764 1418 840 illi,

304 855 388 920 licet
404 854 510 930 dubii,
535 858 745 937 sequunture
761 857 880 918 tamen
899 854 1031 918 ducem.
1068 852 1134 917 Ille
1150 856 1267 917 autem
1283 856 1420 936 sumpta
1439 872 1454 913 s

305 944 410 1007 humo
434 963 496 1026 per
516 943 647 1007 vicinos
671 963 771 1027 agros
793 962 896 1024 quam
920 942 1035 1026 potuit
1050 940 1227 1006 subtiliter
1241 941 1366 1025 sparsit
1385 944 1420 1005 et

306 1034 496 1096 castrorum
520 1031 597 1095 loca
619 1030 832 1114 occupanti

411 1114 495 1183 Vll
526 1117 574 1182 Ut
592 1123 709 1183 autem
725 1119 906 1182 viderunt⁰
922 1118 1093 1201 Thuringi
1108 1121 1221 1181 castra
1236 1117 1419 1195 Saxonum,

305 1206 535 1272 intolerabilis
556 1227 611 1271 res
627 1207 675 1270 eis
691 1201 866 1280 visaestf.
903 1206 948 1269 lit
964 1207 1075 1269 missis
1098 1206 1222 1289 legatis
1242 1206 1420 1288 conquesti

306 1298 387 1360 sunt
417 1296 460 1359 de
487 1299 590 1378 rupto
619 1295 758 1360 foedere
789 1313 828 1359 ac
851 1294 981 1358 violato
1008 1297 1110 1377 pacto
1133 1315 1176 1359 ex
1198 1297 1296 1378 parte
1320 1295 1421 1358 Saxo·
1441 1313 1468 1353 ro

305 1403 397 1446 num.
446 1383 595 1447 Saxones
618 1384 828 1466 respondent
857 1403 893 1447 se
917 1384 1107 1446 hactenus&
1131 1383 1255 1447 foedus
1281 1382 1421 1446 inviola-

306 1471 424 1535 biliter
454 1491 621 1535 servasse:
653 1475 781 1535 terram
811 1471 948 1555 proprio
978 1491 1062 1535 auro
1086 1473 1318 1555 comparatam
1342 1491 1420 1534 eum

305 1581 389 1644 paee
419 1559 508 1624 velle
538 1559 693 1624 obtinere
724 1563 785 1624 aut
820 1559 935 1625 certe³
968 1560 1071 1624 armis
1106 1560 1301 1624 defendere.
1355 1559 1421 1622 His

305 1649 434 1712 auditis
464 1648 598 1712 incolae
627 1649 696 1712 iam
723 1648 977 1712 maledicebant
999 1668 1121 1712 aurum
1145 1647 1359 1721 Saxonicum,
1385 1651 1421 1711 et

306 1757 407 1818 quem
437 1736 541 1820 paulo
571 1739 652 1800 ante
682 1736 818 1802 felicem
853 1729 946 1802 esse¹¹
978 1737 1212 1819 predicabant,
1242 1739 1420 1800 auctorem
1442 1754 1469 1794 re

305 1825 510 1907 perditionis
534 1817 631 1890 suae¹
656 1844 806 1907 suaeque
829 1824 978 1906 regionis
1000 1824 1167 1888 fatentur.
1213 1824 1273 1888 Ira
1296 1825 1419 1888 deinde

306 1913 440 1978 accensi
464 1932 564 1977 caeco
589 1912 720 1976 marte⁴
735 1913 809 1978 sine
832 1913 952 1978 ordine
976 1916 1012 1978 et
1035 1913 1108 1978 sine
1124 1912 1267 1978 consilio
1282 1913 1421 1976 irruunt

307 2001 343 2063 in
379 2003 501 2064 castra.
548 2000 698 2065 Saxones
727 2021 808 2066 vero
838 2001 952 2084 parati
981 2003 1098 2066 hostes
1128 2001 1304 2084 excipiunt
1338 2005 1420 2064 ster·

308 2092 474 2171 nuntque.
513 2089 676 2153 atrebas
692 2109 852 2173 prospere
875 2090 981 2173 gestis
1005 2090 1159 2173 proxima
1175 2083 1417 2153 circumcirca¹¹

307 2177 384 2240 loca
405 2178 479 2242 iure
503 2175 588 2240 belli
610 2178 780 2242 obtinent.
819 2177 890 2241 Diu
913 2179 1031 2260 itaque
1051 2177 1258 2260 *crebroque
1281 2197 1360 2241 cunr
1376 2176 1420 2241 ab
1441 2197 1469 2237 ro

308 2264 485 2330 alterutris
522 2269 715 2349 pugnatam
752 2266 861 2344 foret,
898 2271 933 2330 et
967 2266 1137 2348 Thuringi
1171 2265 1320 2330 Saxones
1354 2265 1421 2330 sibi
1441 2253 1536 2303 ’Μ’

308 2354 499 2436 superiores
533 2354 607 2418 fore
642 2359 844 2438 pensarent,
879 2376 941 2439 per
974 2355 1207 2444 internuntios
1241 2354 1421 2439 postulant

308 2530 467 2594 condicto
497 2530 573 2594 loeo
606 2530 738 2613 dieque.
780 2529 947 2596 'Saxones
977 2531 1161 2615 postulatis
1190 2553 1226 2596 se
1256 2523 1411 2596 obedire¹

307 2619 526 2700 respondent.
573 2618 658 2683 Erat
681 2623 822 2685 autemm
837 2619 908 2684 illis
931 2620 1053 2685 diebus
1069 2620 1260 2686 Saxonibus
1283 2639 1419 2701 magno-
1441 2639 1470 2680 as

307 2727 382 2770 rum
406 2706 627 2771 cultellorum
642 2728 733 2784 usus,
758 2708 882 2790 quibus
898 2729 1005 2791 usque
1021 2709 1124 2773 hodie
1141 2708 1247 2791 Angli
1261 2710 1418 2784 utuntur,

307 2814 435 2859 morem
451 2795 564 2877 gentis
580 2796 763 2878 antiquae¹²
779 2800 961 2861 sectantes·
987 2795 1120 2875 Quibus
1136 2797 1260 2862 armati
1270 2797 1421 2860 Saxones

307 2883 371 2947 sub
394 2883 485 2967 sagis
508 2885 578 2948 suis
601 2885 793 2968 procedunt
816 2885 936 2949 castris
960 2887 1212 2968 occurruntque
1235 2884 1421 2966 Thuringie

308 2972 467 3038 condicto
486 2972 573 3038 loco.
613 2971 767 3057 Cumque
783 2973 941 3038 viderent
957 2974 1073 3038 hostes
1088 2974 1236 3040 inermes
1252 2976 1288 3038 et
1303 2991 1421 3037 omnes

307 3061 478 3144 principes
494 3061 749 3145 Thuringorum
765 3061 895 3137 adesse,
911 3065 1047 3145 tempus
1063 3063 1132 3126 rati
1146 3062 1255 3127 totius
1270 3060 1421 3144 regionis
1442 3081 1471 3122 eo
1579 3097 1580 3134 ,

307 3148 526 3223 obtinendae,
551 3149 703 3214 cultellis
727 3149 931 3214 abstractis⁰
957 3170 1059 3233 super
1081 3151 1228 3216 inermes
1252 3152 1287 3214 et
1309 3151 1421 3232 inpro-

306 3235 396 3299 visos
419 3235 557 3300 irruunt
580 3240 616 3301 et
638 3257 756 3302 omnes
778 3238 944 3313 fundunt,
967 3239 1018 3302 ita
1041 3241 1081 3301 ut
1103 3259 1148 3304 ne
1171 3257 1260 3302 unus
1283 3237 1419 3320 quidem

308 3343 350 3386 ex
379 3323 427 3388 eis
457 3324 677 3406 superfuerit.
732 3325 882 3390 Saxones
917 3326 1001 3390 olari
1031 3327 1177 3392 existere
1208 3330 1244 3391 et
1277 3325 1421 3390 nimium

308 3413 473 3474 terrorem
497 3411 618 3475 vicinis
641 3412 802 3494 gentibus
826 3414 982 3480 incutere
1006 3417 1202 3496 coeperunt.

307 2446 470 2525 utrosque
493 2442 640 2506 inermes
664 2443 845 2508 convenire
875 2446 911 2508 et
934 2444 977 2508 de
1000 2463 1085 2527 pace
1114 2444 1240 2508 iterum
1268 2446 1421 2507 tractare

1578 3027 1580 3086 l

307 3560 330 3612 a)
349 3572 460 3611 coeperim
493 3565 615 3604 amicornm
628 3565 795 3615 auidissima
808 3567 854 3610 Ba.
921 3566 944 3618 b)
962 3577 997 3608 me
1016 3567 1089 3617 inquit
1106 3569 1169 3611 Μ.
1237 3566 1259 3618 c)
1276 3570 1383 3607 secuntur
1401 3566 1420 3604 A
1443 3567 1471 3610 ee

306 3625 396 3664 semper.
479 3619 487 3665 )
500 3617 527 3660 V.
541 3617 565 3659 0.
632 3617 654 3668 e)
671 3616 749 3658 uidere
762 3619 809 3669 Bi,
823 3623 843 3658 et
856 3620 1063 3669 remurmuremus.
1129 3620 1213 3670 onies
1227 3625 1260 3660 eet
1273 3621 1307 3660 els
1320 3620 1369 3669 1313
1387 3619 1419 3658 ln·

307 3669 437 3709 tollerabilis
451 3669 500 3710 ulna
514 3674 550 3710 est
562 3671 594 3710 ele
608 3682 644 3711 res
657 3671 721 3713 Erat.
780 3675 804 3723 g)
819 3677 910 3713 acoenn·
925 3674 944 3712 Δ
958 3684 1047 3722 smper.
1106 3672 1130 3725 h)
1144 3671 1231 3724 predio.
1245 3683 1292 3713 esse
1306 3673 1356 3720 B1;
1371 3682 1421 3712 esse

308 3731 349 3763 cm.
365 3722 430 3762 Μ.
505 3722 522 3774 1)
539 3733 592 3763 sues
606 3735 648 3767 om.
661 3725 707 3766 aa.
721 3745 747 3754 —
761 3736 815 3765 anae
831 3729 900 3773 etque
916 3737 964 3777 reg.
978 3727 1043 3767 Μ.
1116 3726 1141 3777 k)
1159 3727 1242 3767 circum
1260 3727 1320 3766 cirea
1337 3725 1421 3763 duabus

307 3774 530 3874 &samaia
585 3777 601 3824 l)
615 3777 646 3817 sic
660 3778 686 3820 A.
699 3778 747 3817 131.
761 3778 786 3830 Ως
801 3777 893 3832 obedire
907 3779 930 3822 0.
983 3780 1015 3827 m)
1030 3783 1104 3819 autem
1119 3791 1160 3824 om.
1174 3780 1221 3823 ΒΞ.
1276 3781 1300 3827 n)
1313 3779 1383 3828 aanor
1398 3778 1421 3820 0.
1441 3833 1471 3874 ω

308 3947 334 4018 1)
355 3949 398 4014 Cf.
416 3953 495 4017 infra
513 3969 542 4019 p.
561 3954 588 4017 8,
611 3953 628 4007 l.
648 3955 680 4008 1:
703 3950 809 4019 Optimi
827 3955 964 4023 Saxones,
985 3972 1016 4022 p.
1036 3955 1078 4020 16,
1102 3955 1119 4010 l.
1141 3958 1188 4010 13:
1214 3954 1286 4008 inter
1302 3953 1421 4022 optimos

306 4017 435 4076 Saxones.
508 4020 535 4091 2)
555 4023 583 4076 J.
598 4023 712 4090 Grimm,
734 4025 869 4077 ‘Deuteehe
886 4025 1171 4078 Raaaalaraaemer’
1185 4027 1223 4085 ed,
1237 4027 1261 4080 4.
1280 4025 1305 4091 I,
1321 4041 1351 4092 p.
1370 4025 1422 4079 124

307 4091 402 4146 -127.
433 4093 579 4146 nonnullae
608 4094 705 4146 similes
735 4095 844 4158 fabulae
872 4095 988 4162 aalays,
1020 4097 1116 4162 quibus
1144 4096 1316 4148 Waaaaach
1345 4095 1421 4147 adde

306 4161 443 4228 Anonymi
458 4165 531 4230 repete
547 4164 627 4216 Balce
645 4167 749 4216 nolani
764 4182 785 4220 c.
799 4167 841 4220 14.
861 4167 902 4222 16.
922 4168 965 4222 38.
1037 4167 1064 4236 3)
1085 4167 1127 4232 Cf.
1146 4168 1225 4232 infra
1238 4183 1268 4233 p.
1283 4169 1325 4231 13,
1340 4167 1357 4220 l.
1370 4168 1420 4221 24:
1577 4195 1578 4198 =

305 4230 416 4286 macera
433 4233 504 4288 velle
523 4237 571 4286 aut
589 4236 663 4288 certe
681 4233 773 4288 vivere
790 4236 873 4289 nolle.
945 4239 973 4306 4)
993 4235 1091 4303 Vergil.
1110 4239 1176 4292 Aen.
1195 4237 1236 4304 II,
1257 4256 1280 4293 a
1299 4239 1366 4292 335:
1393 4239 1423 4290 et
1442 4253 1472 4296 ee
1577 4235 1578 4260 ¹

305 4315 388 4355 caeco
406 4301 498 4359 Marte
516 4303 654 4359 resistunt.
