3178 4880
633 320 865 386 PRAEFATIO.
1236 324 1309 380 XIX

188 502 282 567 Alios
295 523 415 585 anaante
430 503 511 568 locos
527 509 555 568 et
571 502 803 569 Widaicindum
825 503 931 585 ipsum
949 510 1136 570 retractasse
1154 512 1184 570 et
1201 527 1308 571 eorum

187 590 400 673 antiquiorem
422 591 634 657 recensionem
650 592 749 658 classe
765 591 798 656 B
816 599 974 658 serootom
990 613 1056 658 esse
1071 593 1211 659 conicere
1227 594 1306 662 ticet.

188 680 240 760 ΙΙ,
262 686 311 744 16.
329 682 462 762 praebet
481 680 515 745 B
537 681 687 746 Hadatdi
709 680 883 746 camerarii
906 683 950 747 ad
972 681 1176 748 Isitberbtum
1200 685 1308 750 diesem

188 768 417 834 Lotbariorum
446 769 681 835 oratiunculam
711 769 823 835 tatem:
858 771 1047 856 Imperium
1076 773 1151 848 bibi,
1183 773 1306 856 inquit,

157 858 305 943 eregale
335 859 427 924 facio
458 864 618 944 presente
649 859 787 943 populo,
823 861 879 924 sed
908 858 951 925 O:
985 860 1143 945 Imperio,
1174 861 1305 944 inquid,

188 947 255 1012 tibi
278 948 387 1031 regali
411 949 592 1026 denuncio,
617 952 706 1014 teste
730 948 868 1033 populo.
911 948 990 1029 ΙΙΙ,
1005 955 1057 1012 69.
1077 947 1129 1012 Β.·
1153 951 1307 1016 Audiens

188 1041 302 1101 autem
330 1037 580 1102 Wichmannue
611 1039 731 1102 urbem
767 1041 904 1121 captam
939 1038 1115 1122 sociosque
1146 1039 1305 1118 afflictos,

186 1123 242 1189 sebi
275 1125 307 1189 A
343 1126 608 1204 circumventos,
648 1123 676 1191 0
708 1146 904 1210 oppress0s;
940 1128 1067 1191 verbnm
1102 1127 1251 1192 afflictos
1286 1149 1307 1192 a

193 1211 390 1278 Widnbindo
412 1213 488 1279 inde
510 1220 664 1280 mutatum
687 1235 752 1278 esse
767 1213 965 1294 crediderim,
982 1215 1065 1296 qnod
1080 1215 1197 1296 paneis
1212 1215 1307 1281 tineis

142 1327 168 1367 ιο
186 1301 333 1382 sceperius
370 1301 499 1384 scriptis
537 1303 732 1385 teperentur:
775 1305 906 1369 Milites
938 1305 1161 1369 Wiehmsnni
1203 1307 1306 1370 variis

186 1392 305 1475 poenis
329 1392 455 1456 afflixit
466 1392 485 1458 1.
532 1391 631 1456 Valde
654 1391 770 1456 dubius
793 1398 897 1457 tamen
921 1393 1044 1472 baereo,
1069 1414 1145 1457 num
1169 1393 1306 1474 capitum

186 1478 373 1544 divisionem
396 1487 426 1544 et
446 1480 568 1546 indices
590 1480 727 1563 sinpntis
750 1480 842 1545 tibris
858 1480 1056 1562 praemissos
1077 1481 1176 1546 nnius
1191 1482 1307 1548 codicis

185 1567 249 1650 ipsi
271 1568 468 1634 Widnbindo
492 1568 630 1634 tribuam
640 1571 660 1630 2.
707 1569 819 1633 Etiam
842 1569 879 1634 in
897 1568 1009 1651 prima
1032 1590 1125 1651 quam
1157 1570 1306 1636 habemns

185 1748 251 1795 recte
269 1745 372 1808 statuit,
392 1744 462 1810 qnod
480 1745 536 1796 iam
554 1745 645 1796 littera
659 1744 681 1796 C
696 1745 721 1794 ei
739 1745 884 1808 adsipnutn
902 1745 1037 1799 indicavit.
1069 1744 1121 1796 Nec
1140 1750 1227 1796 tamen
1239 1746 1306 1797 satis

144 1824 168 1864 15
185 1813 280 1866 deserte
299 1815 427 1882 neptune
445 1831 531 1882 snpra
545 1831 575 1881 p.
588 1815 650 1870 XV.
669 1817 762 1866 statuit
781 1843 814 1852 -
834 1814 905 1880 qnod
917 1815 991 1865 nitra
1003 1829 1104 1866 omnem
1117 1815 1305 1867 dubitationem

185 1889 286 1936 condat
305 1915 338 1923 -
353 1891 415 1952 past
433 1891 512 1952 capnt
530 1886 587 1951 ΙΙΙ,
606 1889 649 1942 63.
675 1887 852 1951 conscriptum
876 1885 1071 1936 Widnicindnm
1091 1887 1214 1952 primum
1236 1887 1305 1939 libro
1363 1854 1400 1996 s

185 1955 263 2019 finem
288 1956 396 2010 dedisse.
440 1957 500 2008 Iam
521 1958 608 2024 ptura
634 1957 731 2009 adolere
755 1956 917 2022 supersedeo,
943 1957 1314 2023 mmbbfflmstffl

185 2042 249 2079 moa
265 2043 344 2079 secam
355 2030 510 2080 sententiam
519 2031 710 2096 propositurus
722 2029 758 2079 sit
770 2029 802 2079 de
814 2028 945 2079 codicibus
955 2028 1122 2082 Widnbindi.
1152 2029 1179 2080 0.
1193 2028 1304 2095 H.·E.].
1348 2041 1357 2070 ¹

187 2097 212 2163 1)
241 2098 300 2162 III,
322 2099 365 2153 39.
390 2099 467 2150 babet
489 2100 557 2153 132:
584 2097 757 2166 Reinespurg
775 2113 845 2166 pene
864 2097 953 2150 omnis
978 2098 1105 2166 proxime
1130 2101 1211 2152 nocte
1235 2115 1303 2166 arsa,

142 2180 168 2219 πο
185 2168 231 2220 ubi
249 2173 291 2222 est
308 2185 369 2222 arse
381 2171 415 2236 A,
435 2174 608 2223 concremata
623 2171 649 2221 B
659 2173 683 2224 1.
698 2170 725 2224 Ο.
753 2171 826 2225 Ann.
838 2169 1012 2236 Mapdeburp.
1026 2169 1086 2233 (nbi
1098 2174 1139 2222 est
1157 2171 1302 2237 additum),

186 2245 282 2292 exusta
300 2245 341 2293 est
352 2241 443 2305 Frui,
460 2240 571 2293 incensa
590 2243 630 2293 esi
643 2240 725 2294 Scae.
756 2239 810 2290 Hic
828 2256 887 2292 arsa
906 2243 935 2292 in
953 2246 1054 2291 terium
1073 2242 1130 2293 ideo
1147 2244 1303 2310 recepimus,

185 2311 254 2377 quod
273 2313 389 2364 maaime
407 2313 552 2364 abbmreat
571 2312 604 2362 ab
629 2313 782 2364 urbanitate
807 2312 915 2378 linquae
933 2311 1066 2364 Latinae:
1092 2312 1141 2364 bac
1166 2314 1197 2364 de
1221 2328 1305 2364 causa

182 2385 304 2448 primum
321 2385 451 2451 scripturn
469 2385 553 2448 fnisse
577 2383 719 2435 verisimile
744 2389 789 2448 est,
814 2390 905 2450 postea
931 2388 1076 2435 correctum
1102 2385 1136 2450 [a
1160 2383 1256 2436 scribis
1280 2391 1304 2436 ei

186 2455 337 2505 audaeibus
362 2455 525 2506 Widnicindi
548 2454 647 2505 librum
665 2455 871 2506 exscribentibus
889 2457 965 2505 cario
983 2455 1065 2507 modo.
1109 2455 1181 2506 Sane
1205 2457 1303 2508 conicio

144 2529 208 2576 met
233 2525 406 2576 Anncimtam
424 2526 678 2592 Mapdeburpensem
703 2530 726 2577 et
752 2525 908 2588 Frntoifnm
935 2530 958 2575 et
980 2526 1153 2578 Annalestam
1171 2527 1303 2578 Sannum

186 2609 247 2647 arse
265 2598 294 2647 in
312 2599 369 2648 snis
387 2596 518 2649 codicibus
542 2597 634 2662 lepisse
658 2602 681 2648 et
706 2598 818 2660 effossas
843 2596 1013 2647 barbarismo
1038 2603 1161 2661 enedasse,
1186 2599 1304 2665 idemque

185 2667 269 2730 fnisse
296 2668 325 2718 in
350 2667 492 2734 archetypo
513 2669 673 2719 recensionis
692 2668 716 2718 B
737 2667 859 2718 dubitari
882 2682 936 2719 non
956 2673 1050 2733 potest,
1076 2683 1136 2718 cnm
1160 2671 1231 2720 inter
1249 2669 1301 2723 Bl

185 2741 208 2787 et
228 2737 251 2789 C
268 2738 344 2790 nnita
363 2739 506 2791 intercedat
524 2742 652 2805 aequatio,
678 2740 802 2791 reiectum
827 2739 913 2804 ipitur
931 2754 984 2790 esse
1009 2755 1028 2789 a
1052 2739 1167 2790 librar-io
1186 2740 1238 2793 Bl
1264 2741 1305 2792 cet

185 2807 251 2859 libri
265 2813 395 2876 parentis.
426 2811 461 2861 In
478 2811 549 2862 tibro
566 2810 679 2876 quidem
698 2825 732 2862 ea
749 2824 802 2875 qno
821 2809 1005 2875 Cprofecimn
1024 2814 1069 2875 est,
1089 2813 1142 2861 sice
1161 2810 1304 2878 archetypo

142 2889 167 2930 eo
191 2879 350 2932 Widulcindi
365 2884 419 2933 sice
436 2882 594 2947 exemplari,
613 2886 787 2933 concremata
803 2881 837 2931 ab
849 2883 907 2946 ipso
923 2880 1087 2930 Widuictndo
1101 2887 1192 2947 postea
1205 2896 1303 2932 cmrec-

185 2955 318 3016 insuesce,
337 2953 364 3002 si
379 2954 420 3003 ois
435 2954 557 3017 conicere,
576 2953 678 3003 reencini
693 2951 854 3018 perscmdere
871 2958 949 3017 potes.
978 2950 1032 3002 Nec
1050 2953 1143 3014 neiror,
1162 2953 1231 3017 cuod
1249 2959 1304 3004 tres

184 3023 237 3073 oiri
254 3023 340 3074 eodem
358 3024 433 3075 modo
451 3024 545 3074 citium
563 3024 764 3076 emendaverint.
799 3021 827 3074 0.
845 3021 956 3086 Η.-Ε,].
993 3021 1078 3073 Verba
1096 3023 1120 3086 I,
1135 3024 1175 3076 16.
1193 3020 1303 3090 vigebat

184 3092 220 3158 (Β
234 3095 259 3148 1.
284 3095 309 3147 2.
335 3094 420 3161 sico)
443 3109 496 3160 pro
520 3092 604 3147 fiebat
628 3095 674 3158 (Α.
703 3094 730 3146 C.
758 3093 850 3158 Frui.)
875 3098 898 3143 et
924 3093 947 3154 Ι,
967 3094 1010 3146 22.
1036 3090 1109 3144 diem
1134 3095 1303 3160 postremum

184 3161 328 3218 defecisset
345 3166 395 3230 (O)
409 3180 464 3232 pro
483 3163 556 3218 diem
574 3169 637 3233 posi
655 3164 766 3216 tertiam
785 3180 819 3215 ea
837 3164 976 3215 erroribus
993 3164 1100 3228 tepentis
1118 3163 1304 3231 scribentisque

140 3244 166 3286 es
184 3235 328 3302 inrepsisse
341 3241 464 3302 possunt.
501 3237 615 3304 [Priore
632 3237 687 3288 ioco
705 3251 817 3286 manum
835 3235 995 3300 corriperetis
1020 3235 1210 3300 deprehendere
1235 3237 1306 3287 mibi

183 3306 281 3361 eidem.
327 3305 356 3362 0.
379 3306 500 3372 Η,-ΙΙ,].
550 3307 647 3359 Utrum
670 3307 711 3371 II,
734 3307 854 3373 praefat.
880 3305 1065 3372 conscriptum
1088 3307 1183 3358 codicis
1208 3305 1230 3358 O
1250 3323 1304 3373 pro

183 3377 350 3444 reliquorum
368 3377 517 3448 inceptum,
536 3380 560 3444 I,
579 3382 621 3433 35.
659 3376 755 3430 Kietni
774 3379 826 3443 (A)
840 3392 895 3444 pro
912 3378 1078 3443 reliquorum
1098 3377 1176 3430 Gens
1194 3378 1228 3428 ab
1245 3381 1304 3446 ipso

189 3448 352 3501 Widutcindo
377 3453 507 3517 scriptum
534 3452 571 3502 sit
597 3465 690 3513 necne,
718 3451 774 3500 iam
792 3451 838 3500 m‘cc
863 3448 975 3512 definiri
997 3453 1090 3514 potest.
1141 3449 1180 3500 De
1207 3450 1303 3501 ultima

185 3522 306 3572 macione
329 3523 416 3572 sancii
440 3522 502 3584 Viti,
527 3536 607 3587 quam
631 3520 723 3571 scriba
740 3520 835 3572 codicis
854 3520 907 3573 Bl
928 3524 976 3570 ant
999 3521 1078 3584 prior
1097 3519 1227 3571 librarius
1252 3537 1303 3572 sna

139 3601 167 3641 eo
185 3591 272 3643 indole
290 3594 410 3654 mutarit,
430 3594 463 3655 cf.
482 3594 562 3655 infra
578 3609 605 3658 p.
622 3594 667 3655 41,
685 3608 712 3644 n.
730 3593 753 3644 6.
831 3593 858 3656 2)
879 3591 922 3654 Cf.
942 3591 1030 3641 Bacse
1044 3608 1073 3656 p.
1092 3593 1132 3644 18.
1164 3590 1199 3640 ln
1217 3591 1303 3643 indice

184 3677 236 3714 non
256 3663 312 3729 ipse
330 3668 423 3714 aanor
442 3664 561 3729 loquitur
579 3663 616 3729 (l,
638 3665 661 3716 1.
681 3666 712 3716 2;
739 3660 886 3728 scripserit,
908 3665 1022 3726 narrat).
1060 3661 1186 3712 Vocabuio
1204 3677 1302 3729 genea-

184 3732 258 3801 logia
283 3733 320 3797 (l,
338 3736 386 3794 31)
411 3734 594 3786 Widnicindns
618 3749 750 3800 nasonem
768 3733 834 3784 aiibi
851 3735 945 3785 utitur.
982 3731 1119 3783 Nonnulla
1143 3740 1303 3796 arcumenta

184 3805 316 3856 incondite
334 3807 415 3870 facta,
441 3807 508 3871 quin
527 3808 604 3856 etiam
623 3804 697 3867 falsa
715 3811 786 3867 sunt,
804 3807 844 3855 ita
863 3809 892 3854 ut
910 3802 1074 3853 Widuicindo
1091 3817 1122 3854 ec
1146 3818 1197 3854 non
1224 3806 1303 3854 attri-

185 3873 261 3926 buere
274 3877 365 3941 possis
373 3891 385 3937 ‚·
401 3891 527 3942 persaepe
545 3878 601 3927 sine
620 3876 678 3927 utic
691 3876 795 3926 ratione
803 3877 899 3940 prima
912 3875 1028 3940 capitum
1041 3873 1118 3924 cerba
1130 3881 1303 3940 usurpantur

139 3954 166 3994 4⁵
184 3946 228 4010 (cf.
248 3946 272 4011 I,
292 3947 334 4001 12.
353 3946 393 4012 II,
407 3950 432 4001 7.
453 3949 494 4002 15.
514 3949 556 4001 21.
576 3948 641 4013 etc.).
678 3946 718 4011 ΙΙ,
738 3948 781 4000 28.
806 3946 939 3996 librarius
956 3949 1058 4011 nepotes
1076 3944 1213 3996 Isiiberbti
1229 3946 1303 3997 deicis

184 4015 379 4069 Lctbariorum
397 4017 465 4070 aiios
483 4032 538 4069 csse
556 4018 660 4069 videtur
676 4019 814 4084 put-coisse
831 4022 909 4081 atque
922 4016 1086 4080 Ansfridnm
1104 4022 1128 4067 et
1140 4016 1301 4070 Aeneidum.

185 4087 226 4152 Cf.
245 4106 274 4155 p.
293 4091 338 4153 80,
356 4105 383 4143 n.
404 4092 427 4142 l.
464 4090 584 4154 Denique
601 4104 684 4153 penus
702 4087 835 4139 scribendi
851 4089 898 4138 oisc
916 4086 1073 4152 respendere
1091 4086 1194 4139 videtur
1213 4088 1303 4138 Widu·

184 4158 333 4219 kindicno;
361 4159 445 4212 sotum
470 4175 537 4226 picae
564 4160 674 4225 tepimns
700 4159 740 4219 II,
763 4161 809 4212 14:
838 4156 954 4224 qualiter
981 4172 1036 4209 non
1064 4157 1122 4209 sine
1149 4173 1198 4208 suo
1225 4159 1302 4225 gravi

184 4228 297 4282 vulnere
322 4230 445 4293 conferri
471 4236 585 4297 possunt
612 4246 669 4281 cuns
698 4229 758 4293 III,
785 4231 835 4283 ct:
865 4244 919 4279 non
947 4227 1004 4280 sine
1035 4227 1075 4279 sui
1106 4233 1198 4280 tamen
1226 4229 1303 4296 gravi

140 4309 166 4348 eo
184 4300 304 4355 vulnere.
343 4301 447 4353 Codices
465 4317 525 4353 cero
543 4301 704 4352 Widnicindi
721 4317 738 4351 a
758 4300 959 4366 posterioribus,
984 4299 1143 4362 Tbidmaro,
1168 4300 1302 4367 bretolio,

1044 4403 1092 4456 ΙΙ*
