3178 4880
280 323 368 380 XXII
724 321 955 403 PRAEFATIO.

281 506 341 571 bue
364 504 586 570 transmissum
610 525 679 570 oum
702 510 790 569 tanto
812 503 916 569 studio
939 503 1070 585 contuli,
1100 511 1135 568 ut
1156 504 1211 569 oin
1233 505 1403 588 quicquam

281 593 454 676 neqieaisse
476 592 558 658 miti
579 593 699 658 uidear.

389 681 540 764 Sequitur
563 681 675 747 classis
697 679 739 763 Β,
771 680 827 762 qui
849 701 1041 763 quamquam
1070 701 1167 763 usqne
1196 683 1241 747 ad
1269 705 1299 748 a.
1326 689 1399 748 973.

281 770 448 836 historiam
478 769 610 852 deducit,
645 769 857 852 antiquiorem
887 769 990 851 operis
1018 769 1230 836 recensionem
1253 774 1402 854 praebet:

388 859 421 924 B
447 858 481 942 1)
532 857 637 925 Ooden
681 858 1012 924 Londiniensis
1061 858 1161 924 musei
1209 858 1433 928 Britannicis

281 970 331 1015 nr.
350 948 490 1030 211091,
513 949 779 1029 membranaceis,
803 947 926 1027 formae
948 949 1133 1030 quadratae,
1157 947 1310 1028 foliorum
1329 955 1400 1032 184,

281 1037 392 1119 medio,
415 1043 451 1102 ut
472 1036 604 1118 uidetur,
629 1057 708 1102 saec.
736 1036 824 1101 XII.
848 1035 1014 1118 summust
1046 1036 1101 1118 qui
1123 1036 1199 1101 otim
1228 1036 1266 1103 in
1296 1038 1401 1104 biblio·

282 1126 370 1192 tteoa
393 1124 580 1191 monasterii
597 1125 624 1190 S
628 1124 744 1204 teinf
744 1126 809 1190 eid
822 1125 955 1190 diocesis
975 1125 1172 1192 boloniensis
1187 1133 1368 1192 asservatus
1379 1129 1400 1208 ³,

281 1238 312 1281 a.
333 1220 427 1279 1855.
452 1237 474 1280 a
493 1213 662 1280 Obeoatier
685 1216 722 1279 de
745 1213 867 1280 Bearri
890 1214 1036 1280 Lutetiae
1054 1214 1259 1280 Parisiorum
1282 1223 1402 1298 emptus

282 1311 335 1370 est.
399 1303 546 1370 Continet
582 1303 753 1368 nonunttos
787 1302 883 1368 libros
914 1302 1080 1369 historicos
1114 1304 1265 1370 celebres:
1303 1304 1401 1371 Gesta
1421 1333 1448 1373 ιο
1560 1305 1561 1308 ’

282 1392 457 1475 Doqoberti
488 1393 539 1473 14,
577 1391 683 1457 Vitam
719 1391 838 1456 Karobi
872 1398 999 1456 auctore
1032 1392 1217 1474 Einhardo,
1255 1393 1402 1477 Tbeqoui

282 1503 307 1548 o.
334 1487 429 1561 1-7,
459 1481 606 1546 Annales
629 1481 833 1546 Francorum
856 1481 901 1544 ad
925 1503 955 1544 a.
981 1486 1056 1562 327,
1083 1480 1190 1546 Vitam
1212 1482 1402 1549 Htudoniei

282 1570 338 1636 Pii
361 1591 562 1654 anouqmam,
591 1569 776 1652 Tbeqanum
802 1589 899 1651 nsque
922 1571 966 1634 ad
988 1591 1013 1635 o.
1038 1575 1090 1634 22.
1114 1570 1267 1652 mutilum,
1293 1571 1401 1636 Histo-

281 1657 352 1724 rias
374 1660 578 1724 Francorum
602 1658 891 1739 Steiuoetdcuses⁵,·
922 1657 1003 1738 folia
1033 1658 1166 1740 denique
1192 1659 1399 1724 138‘—181‘.

282 1747 405 1814 Rerum
425 1754 587 1831 qestarum
604 1747 839 1813 Saronicamm
855 1746 932 1812 iibri
947 1754 1109 1828 occupant.
1144 1748 1243 1812 In‘ber
1257 1750 1402 1830 quamuis
1421 1777 1447 1818 a

282 1857 347 1902 uon
371 1836 471 1919 parui
494 1835 537 1900 sit
564 1835 743 1916 faciendus,
774 1857 839 1900 non
863 1835 943 1917 pari
976 1835 1144 1918 ditiqentia
1174 1843 1219 1902 est
1247 1837 1401 1919 scriptus:

282 1927 446 1990 uerborum
476 1925 619 1990 ordinem
649 1923 808 1989 interdum
838 1923 973 2005 scriptor
1003 1924 1170 2007 turbauitss,
1205 1926 1300 1992 uerba
1329 1926 1401 2008 ipsa

282 2013 425 2094 mutauit,
457 2035 482 2078 e.
512 2033 562 2095 qr.
595 2018 630 2078 et
656 2033 717 2094 pro
747 2018 850 2097 atque
881 2013 1009 2095 saepius
1034 2013 1149 2095 posint,
1185 2035 1225 2080 ne
1253 2037 1401 2081 numeros

282 2102 407 2185 quidem
441 2108 522 2168 recte
556 2101 694 2166 seruauit
705 2101 725 2164 ⁷.
784 2102 896 2167 Pauca
929 2101 967 2166 in
1001 2123 1036 2167 eo
1070 2103 1216 2186 tequntur
1250 2112 1399 2185 correcta,

281 2197 388 2256 utrum
412 2214 433 2256 a
450 2190 563 2273 prima
585 2211 684 2256 manu
706 2211 751 2254 an
774 2213 796 2256 a
818 2193 966 2272 secunda,
991 2213 1056 2256 nou
1071 2191 1215 2258 munibus
1230 2192 1307 2258 iocis
1321 2193 1402 2259 satis
1420 2221 1448 2261 20

283 2279 397 2362 iiqcoety'
424 2280 543 2345 eiibro
567 2278 668 2344 codici
690 2279 722 2342 A
747 2279 928 2361 propinquo
946 2303 1055 2361 pauca
1077 2280 1114 2346 iu
1137 2280 1217 2346 doro
1239 2281 1306 2346 Bl
1337 2303 1402 2348 esse

283 2375 423 2434 correcta
445 2389 483 2434 en
500 2390 536 2450 p.
557 2375 627 2449 101,
652 2389 684 2433 n.
702 2391 734 2454 g.
751 2370 813 2432 i.k
835 2369 972 2451 aliisque
994 2369 1130 2448 fortasse
1147 2377 1236 2451 potes
1251 2370 1400 2437 conicere.

287 2459 377 2540 Quod
393 2479 492 2524 unnim
507 2457 621 2537 fotium
638 2455 730 2539 (III,
745 2456 897 2539 73—75)
917 2457 1055 2524 eucisum
1077 2480 1175 2541 neque
1197 2479 1294 2542 usque
1316 2481 1402 2526 nune

282 2553 439 2628 repertum
468 2545 522 2626 sit,
556 2545 706 2627 qmniam
736 2547 768 2610 A
798 2545 915 2612 ibidem
945 2547 1013 2612 iam
1043 2547 1250 2630 desideratur,
1283 2569 1402 2614 sumnus

283 2637 457 2701 dolendum.
509 2634 662 2715 Codicum,
694 2637 768 2700 dum
791 2635 828 2700 iu
855 2634 1035 2701 Germania
1057 2638 1207 2718 eastabat,
1238 2637 1278 2702 ab
1301 2638 1331 2701 I.
1357 2639 1399 2702 F.
1420 2663 1447 2704 ss

282 2724 439 2790 Boetcmer
459 2725 691 2790 Hauuooerum
714 2723 845 2789 missum
873 2725 913 2790 G.
937 2724 1046 2790 Waitn
1068 2725 1250 2791 adulescens
1272 2727 1403 2792 contutit

277 2834 398 2896 parum
421 2819 587 2893 accurate·
616 2812 745 2895 ideoque
774 2812 934 2879 munimus
961 2813 1087 2895 qratias
1116 2820 1243 2880 nostras
1271 2814 1402 2880 meritus

282 2910 327 2968 est
357 2903 393 2968 V.
422 2900 470 2968 Gt.
502 2903 532 2968 Ι.
557 2901 599 2966 Β.
624 2901 719 2985 Burq
749 2901 871 2985 coiteqii
898 2901 1070 2968 Trinitatis
1096 2902 1315 2984 Dubtinensis,
1346 2904 1401 2985 qni

282 3013 342 3058 sua
364 2997 472 3074 sponte
488 2997 584 3056 totum
600 2990 716 3056 tibrum
733 2997 954 3073 perscrutatus
967 2992 1036 3070 fere
1051 2991 1223 3058 innumera
1238 2992 1399 3076 simplicit,

282 3083 337 3146 sed
359 3087 388 3146 et
409 3081 460 3147 W.
478 3081 617 3146 Leuison
639 3079 742 3146 socius
765 3102 813 3145 me
829 3086 954 3162 petente
977 3079 1111 3146 codicem
1134 3081 1308 3163 descripsit,
1325 3102 1400 3146 non·
1421 3108 1449 3148 eo

281 3169 372 3234 nulia
406 3169 598 3251 recoquunt,
628 3175 756 3250 partem
785 3167 990 3250 posteriorem
1013 3190 1115 3252 prope
1144 3169 1302 3253 inteqram
1331 3193 1402 3236 cum

276 3257 421 3341 qdaqutis
444 3256 647 3339 coruqaraoit.

388 3346 422 3411 B
438 3344 475 3427 2)
507 3345 654 3411 Primam
679 3345 871 3412 Widubindi
894 3345 1062 3412 editionem
1085 3347 1210 3413 curauit
1231 3347 1401 3414 Martinus

282 3435 401 3500 Freobt
435 3433 606 3517 theotoqiae
633 3434 799 3515 professor
828 3434 1137 3518 Heidelberqensisss,
1172 3457 1254 3519 quae
1287 3437 1399 3502 inscri-

283 3594 309 3660 1)
332 3591 374 3656 Of.
395 3591 549 3657 ‘Cataioqne
569 3592 601 3654 of
617 3591 752 3643 additions
776 3597 802 3643 to
826 3591 869 3643 tte
894 3607 955 3646 mss.
982 3595 1012 3644 in
1037 3593 1079 3644 tte
1098 3593 1205 3646 Britisit
1222 3593 1345 3645 Muscam
1370 3597 1401 3646 in
1420 3609 1448 3649 so

281 3664 324 3716 tte
347 3678 428 3728 years
448 3661 646 3717 lissa—1860!
670 3663 748 3716 1875.
770 3679 799 3728 p.
818 3665 871 3716 322
883 3677 921 3730 sq.
929 3679 939 3723 ,·
965 3663 1085 3715 ‘Archia’
1109 3663 1171 3730 VII,
1193 3681 1222 3730 q).
1242 3667 1399 3731 364-3713

284 3735 327 3788 ‘N.
347 3733 462 3786 Arctio’
481 3734 500 3785 I
504 3732 534 3800 V,
557 3751 586 3800 p.
604 3733 666 3787 363.
689 3733 769 3798 ΧΙΧ,
790 3750 820 3799 p.
840 3736 900 3788 326.
973 3738 1000 3793 2]
1024 3734 1087 3786 Vide
1105 3738 1233 3800 specium
1251 3739 1401 3802 scripturae

282 3805 508 3869 1,14.SS.JH.
531 3810 594 3870 post
613 3820 641 3870 p.
661 3805 721 3858 412.
794 3805 822 3873 3)
842 3805 877 3856 In
895 3809 1017 3871 marqine
1035 3807 1166 3870 inferiore
1183 3807 1231 3870 foi.
1251 3805 1284 3860 2¹.
1303 3823 1400 3858 mantes

281 3891 347 3928 saec.
360 3875 425 3930 XV.
444 3877 569 3944 scripsit:
588 3872 712 3927 Pertinet
730 3873 765 3926 ad
778 3873 933 3943 Steynvelt3
953 3877 1047 3928 ibidem
1063 3878 1111 3942 fol.
1125 3880 1157 3931 3:
1175 3875 1261 3930 Liber
1272 3875 1398 3932 biblioth.

281 3945 422 4000 manualis.
501 3948 530 4014 4)
552 3947 595 4010 Cf.
614 3946 734 4011 Krasek,
754 3945 800 4000 SS.
820 3963 874 4002 rar.
893 3948 991 4002 Meron.
1011 3948 1050 4012 ΙΙ,
1066 3964 1095 4015 p.
1114 3951 1174 4004 397.
1254 3947 1281 4016 5)
1300 3948 1400 4000 Editus
1418 3964 1446 4004 ω

281 4018 328 4072 SS.
348 4018 432 4083 XIII,
456 4035 483 4085 p.
502 4020 553 4073 726
567 4033 623 4084 sqq.
696 4018 725 4083 6)
743 4017 794 4070 Sed
812 4033 866 4070 non
884 4017 978 4084 ubique
996 4018 1044 4069 boc
1062 4034 1110 4070 suo
1129 4019 1218 4084 Marte
1235 4021 1335 4086 fecisse,
1354 4021 1400 4072 sed

282 4090 402 4141 ordinem
420 4093 476 4140 iarn
494 4092 524 4140 in
542 4088 610 4140 libro
628 4089 760 4154 descripto
778 4104 965 4155 nonnusquam
983 4090 1087 4140 aidani·
1105 4092 1234 4142 inuenisse
1259 4097 1398 4156 mutatam,

282 4175 340 4212 cum
358 4163 388 4210 ia
406 4159 524 4224 Frutotfi
549 4165 573 4210 et
590 4161 751 4212 Annalistae
776 4160 893 4212 Sacranis
914 4160 1047 4211 chronicis
1070 4161 1209 4213 verborum
1233 4178 1321 4213 uenus
1345 4177 1399 4214 non

281 4232 359 4283 semet
378 4231 464 4282 eodem
489 4232 564 4283 modo
589 4229 712 4282 turbatas
737 4231 780 4284 sit.
871 4231 897 4296 7)
922 4231 965 4292 of.
988 4247 1015 4296 p.
1036 4232 1079 4293 60,
1102 4247 1129 4286 n.
1148 4230 1167 4285 f.
1189 4247 1219 4298 p.
1240 4235 1300 4298 122,
1322 4249 1349 4287 u.
1365 4249 1397 4288 w.

281 4303 309 4369 8)
332 4302 372 4366 Cf.
392 4302 561 4368 ‘Aiiqemeine
581 4301 710 4354 Dentscbe
728 4301 903 4368 Bioqrapbie'
923 4301 986 4367 VII,
1006 4317 1036 4366 p.
1056 4304 1108 4357 325
1121 4319 1174 4369 sqq.
1418 4319 1447 4360 4o
