3196 4880
306 259 445 316 RERUM
464 259 676 315 GESTARUM
694 259 977 316 SAXONIOARUM
996 261 1069 318 LIB.
1088 261 1112 319 1.
1236 267 1274 319 211

48 468 132 518 aare.
153 443 249 508 *Hae
284 443 392 527 igitur
424 443 568 526 perfidie
602 443 686 526 quid
741 444 793 508 dis
802 444 946 509 antistes
954 444 1270 524 nomineHetth0⁰‚

151 532 347 616 nequius³?
406 533 574 596 Attamen
616 553 686 596 uuo
740 537 863 597 acutus
894 534 1046 611 oonsilio,
1073 555 1152 598 seer
1180 535 1272 618 inge-

151 623 273 705 ospiie
290 641 389 685 caeso
418 621 607 684 multorum
635 641 685 685 ca·
739 623 829 696 nio³‚
861 623 979 705 etqui
1008 623 1176 687 varietate
1206 624 1273 686 sibi

151 712 227 795 pits
278 709 510 794 populorum1
555 711 685 774 salven·
740 713 905 774 consueto
942 711 1071 775 multos
1109 712 1274 778 mortales

119 793 245 863 scarb.
299 799 345 862 m
377 799 460 882 quid
491 799 614 863 melius
645 819 685 863 eo
740 801 950 883 precederet.
1028 800 1096 864 Hie
1154 801 1273 864 volens

151 888 307 966 oonsilio,
331 909 399 970 quo
423 888 594 952 discordia
621 889 685 951 dis·
740 889 876 972 placere
898 889 973 972 regi
997 889 1154 954 Conrado
1171 889 1274 952 Fren-

151 978 344 1041 solverelur
372 981 408 1041 et
435 998 502 1060 pax
530 978 685 1041 reddere·
741 999 926 1060 eorumque
979 979 1082 1042 simul
1132 979 1272 1062 populo,

150 1066 256 1130 iur²l>
303 1066 354 1128 Ee
375 1066 494 1148 itaque
519 1067 685 1130 varietate
740 1070 815 1130 arte
839 1067 942 1131 soliis

150 1156 265 1219 virum
298 1155 398 1218 nobis
432 1155 569 1238 proprie
604 1176 625 1218 e
659 1175 792 1218 summa
831 1151 1036 1220 elementis(l
1074 1157 1273 1221 eoncessum

108 1269 133 1306 10
151 1263 335 1328 aggressus
359 1246 421 1320 est,
445 1245 598 1326 fecitque
622 1245 655 1308 ei
677 1247 834 1327 torquem
854 1245 1016 1310 eureem4
1038 1246 1213 1321 fabricari,
1238 1249 1275 1310 ei

149 1334 316 1397 invitavit
347 1333 391 1396 ad
422 1333 632 1410 convivium,
665 1353 732 1416 quo
763 1335 897 1417 maguis
928 1335 971 1398 ab
1002 1355 1042 1398 eo
1073 1335 1274 1398 muneribus

150 1455 420 1464 -—.——-—.-

314 1527 384 1590 suis
408 1527 577 1591 militibus
601 1528 781 1592 divideret.
829 1529 985 1593 Histros
1014 1533 1130 1598 aulem
1152 1529 1274 1594 videns

314 1617 384 1680 suis
408 1617 541 1680 ortibus
564 1617 666 1681 finem
694 1618 918 1701 impositum⁵
941 1617 1196 1701 Saxonumque*
1218 1638 1274 1682 res

315 1706 503 1781 florescere,
534 1706 642 1769 nimia
664 1707 814 1770 tristicie
837 1727 876 1770 oo
900 1707 1019 1770 morbo
1043 1707 1173 1790 pariter
1197 1726 1273 1770 con-

314 1795 438 1871 fectus,
463 1815 533 1858 non
557 1799 635 1878 post
659 1796 786 1859 multos
811 1795 883 1859 dies
908 1797 1080 1872 deficiens,
1105 1795 1197 1859 diem
1221 1815 1272 1858 ex·

316 1886 465 1947 tremum
504 1883 607 1962 obiit;
647 1885 699 1947 vir
737 1879 860 1967 megae
900 1885 1100 1968 prudentie,
1140 1887 1176 1948 et
1213 1884 1274 1967 qui

315 1975 470 2056 tempore
509 1973 685 2036 Ludewici
723 1973 951 2038 adolescentis
990 1993 1092 2058 super
1129 1973 1274 2056 imperio

316 2061 528 2124 Francorum
553 2062 624 2125 aeri
647 2082 729 2125 eure
744 2062 922 2146 vigilabat,
940 2063 1068 2125 multas
1085 2063 1274 2126 discordias

225 2170 227 2174 ’
315 2150 352 2212 in
374 2169 480 2232 regno
503 2151 953 2235 reconciliabat,‚'oe1nplum
968 2151 1149 2234 Magun'oie
1165 2150 1275 2214 nobili

316 2243 490 2302 structure
512 2239 722 2303 illustrabat·
764 2253 891 2319 Sequimi-
912 2271 969 2322 cap.
988 2253 1101 2308 XXIII.

151 2429 175 2480 e)
190 2429 291 2472 Mollem.
304 2429 334 2466 ad
347 2429 403 2467 lunc
416 2429 485 2468 locam
496 2441 520 2478 p.
529 2431 556 2470 49
568 2429 643 2479 (675).·
657 2431 711 2473 ‘Mu
724 2431 796 2470 codex
810 2430 986 2479 leyitliuiquius’.
1040 2431 1063 2480 b)
1077 2432 1112 2470 hic
1121 2441 1203 2480 quoquc
1209 2431 1277 2480 ponit

151 2485 239 2577 qliyeqitqq
253 2483 503 2586 &ntemqqqlggiqeliij
573 2483 593 2534 c)
612 2485 688 2524 Hetho
707 2495 765 2527 rrrrr
779 2485 864 2524 Hsttho
879 2486 902 2527 0.
969 2483 993 2536 d)
1011 2485 1143 2535 clementiae
1157 2496 1214 2527 corr.
1229 2484 1274 2537 cle·

8 2733 9 2740 ,
153 2682 182 2746 1)
215 2679 255 2743 Cf.
283 2679 316 2732 B.
344 2679 375 2729 de
402 2677 520 2744 Simeon,
549 2679 591 2732 ‘N.
620 2679 735 2731 Archie'
762 2680 828 2746 XV,
854 2697 883 2747 p.
910 2683 975 2746 571,
1003 2697 1030 2735 n.
1057 2683 1080 2734 1.
1174 2681 1201 2746 2)
1232 2681 1274 2744 Cf.

8 2767 10 2812 ζ
108 2765 134 2804 25
151 2751 262 2802 Simeon
288 2751 306 2804 l.
332 2751 349 2804 l.
376 2765 403 2807 n.
429 2751 454 2802 2.
485 2778 519 2786 -
549 2749 679 2817 Hattoni,
706 2752 776 2818 qnod
802 2753 979 2802 Adalbertnm
1006 2754 1138 2817 comitem,
1168 2757 1199 2801 nt
1224 2767 1275 2802 sna

8 2845 9 2858 i
151 2838 182 2873 se
206 2827 298 2888 sponte
322 2820 462 2886 subiceret,
489 2823 638 2886 commovit,
665 2829 723 2873 tam
746 2823 889 2888 perfidiose
914 2824 1035 2887 admisit,
1060 2828 1091 2873 nt
1114 2823 1277 2888 suppliciam

152 2893 191 2944 ab
215 2907 244 2943 eo
268 2897 428 2956 sumeretur,
453 2895 519 2943 recte
544 2893 679 2943 obiciatur
702 2909 740 2944 an
763 2908 831 2958 non,
857 2894 999 2959 explorari
1015 2896 1112 2959 nequit.
1149 2893 1276 2944 Attamen

151 2963 310 3028 fabulosam
336 2964 492 3013 mensorium
518 2963 549 3013 de
576 2963 705 3016 Hattonis
731 2964 848 3032 perfidia
875 2967 905 3015 in
931 2964 1106 3016 Adalberinm
1136 2965 1289 3015 commissa-

8 3087 9 3094 ,
158 3034 323 3086 Wllulcindi
339 3038 453 3101 tenepore
475 3035 532 3084 iam
555 3037 673 3086 extitisse
697 3035 897 3087 demonstratur
914 3035 1092 3102 Lindprandi
1107 3035 1278 3100 Antapodosi

8 3103 9 3156 i
109 3122 135 3161 so
152 3105 197 3170 ΙΙ,
210 3107 236 3169 6,
253 3105 301 3159 SS.
314 3121 339 3159 r.
354 3105 386 3159 G.
403 3123 430 3172 p.
444 3107 479 3159 30
487 3121 553 3171 sqq,
571 3109 616 3157 cai
626 3111 715 3158 noster
726 3109 807 3158 etiem
818 3107 955 3158 nonnullis
966 3107 1032 3158 aliis
1044 3106 1107 3156 locis
1119 3108 1274 3160 assentitur.

8 3179 9 3186 ³
153 3176 264 3228 Similia
276 3176 307 3227 de
314 3176 455 3227 Adalberti
465 3177 595 3243 supplicio
606 3179 720 3228 tradant
732 3194 765 3230 ea·
776 3193 884 3230 rumore
893 3178 1025 3244 populari
1032 3177 1214 3229 Ellelardns
1222 3177 1275 3231 IV.

153 3248 256 3314 (Casas
267 3246 294 3301 S.
309 3247 393 3312 Galli,
405 3246 453 3300 SS.
466 3247 507 3312 II,
521 3265 549 3314 p.
562 3250 618 3312 83),
634 3247 693 3299 Otto
704 3249 890 3314 Frisinqensis
901 3249 1014 3313 (Cicron.
1026 3249 1072 3314 VI,
1087 3251 1129 3314 15,
1147 3249 1194 3302 SS.
1208 3248 1274 3314 XX,

150 3321 266 3387 pose).
321 3321 348 3384 3)
359 3318 470 3369 Sallust.
480 3318 540 3384 Ina,
553 3322 598 3373 cl
605 3336 617 3382 ;
628 3323 661 3384 cf.
672 3335 758 3387 snpra
767 3337 797 3386 p.
810 3323 851 3386 10,
863 3321 878 3373 l.
889 3323 932 3378 20.
987 3321 1015 3388 4)
1027 3321 1150 3388 Apparet
1161 3321 1279 3385 intelleyi

154 3406 213 3441 nna
232 3390 262 3440 de
281 3391 317 3442 eis
335 3390 443 3453 catenis,
461 3404 527 3455 qnae
545 3405 579 3440 ex
597 3392 718 3457 opinione
736 3393 810 3457 onlqi
821 3396 908 3457 erant,
920 3391 1010 3459 qnales
1023 3393 1276 3458 quemqneoinctnm

111 3477 137 3516 35
152 3462 290 3530 paulatim
309 3463 399 3512 artius
420 3476 448 3511 se
472 3461 656 3512 contrahentes
682 3463 838 3516 oblidebant.
882 3463 940 3514 Hoc
961 3464 1142 3529 perniciosum
1166 3464 1277 3515 collaris

8 3527 9 3536 ’
156 3532 306 3596 artificium
323 3531 482 3582 illustratur
499 3532 604 3583 dnobus
621 3534 767 3584 simillimis
779 3534 995 3599 narrationibus,
1007 3535 1093 3584 altera
1105 3551 1122 3586 a
1135 3533 1276 3597 Leibnitio,

156 3605 230 3656 Aren.
250 3603 317 3670 Imp.
336 3603 377 3666 ΙΙ,
392 3619 421 3669 p.
440 3605 501 3668 263,
527 3618 561 3653 erc
586 3603 808 3656 Wallcenredanis
831 3606 1006 3656 monumentis
1023 3605 1170 3671 desumpta,
1188 3605 1277 3654 altera

156 3691 175 3724 a
207 3674 331 3726 Conrado
360 3673 456 3739 filcile,
486 3673 642 3725 Memoriali
672 3675 1045 3742 (thirinaiscle-erfnrtisclie
1073 3675 1207 3732 Chronile)
1236 3675 1274 3728 ed.

156 3745 191 3799 R.
215 3745 304 3795 Titiele
327 3749 374 3809 (=
395 3745 604 3812 ‘Gescltieletsqn¹
619 3747 644 3798 el.
663 3745 712 3800 Pr.
731 3747 855 3798 Sacltsen'
875 3746 1016 3805 XXXIX)
1032 3761 1060 3812 p.
1079 3749 1133 3802 453
1144 3761 1192 3812 sq,
1207 3761 1276 3812 pro-

8 3851 9 3860 ,
112 3831 139 3870 eo
156 3818 223 3868 lata.
268 3816 308 3880 Of.
334 3815 505 3867 Woltlarins
532 3832 554 3869 r.
578 3819 656 3880 1059,
681 3817 719 3870 al.
746 3817 775 3872 J.
800 3818 906 3868 Grimm
931 3835 958 3884 p.
977 3820 1025 3881 39,
1052 3818 1088 3880 cf.
1112 3832 1142 3882 p.
1162 3820 1196 3871 72
1223 3817 1276 3881 (ed.

156 3885 193 3941 Η.
206 3887 307 3950 Aerios
318 3903 348 3952 p.
361 3889 409 3948 93)
416 3904 426 3938 :
444 3885 497 3938 His
515 3885 595 3938 dictis
613 3891 739 3954 torquem
752 3887 822 3940 collo
836 3886 1016 3940 circumdedit
1031 3903 1153 3941 aureum.
1183 3887 1277 3938 Etiam

157 3960 206 4025 qni
229 3957 423 4008 Widnlcindnm
450 3960 648 4024 eascripsernnt
674 3960 760 4010 locum
787 3965 878 4011 nostro
905 3974 984 4024 senen
1010 3960 1180 4027 interpretati
1206 3964 1276 4013 snnt.

163 4029 310 4081 insamae.
334 4029 400 4094 Ι,7,
425 4027 473 4082 SS.
491 4045 516 4083 r.
538 4029 569 4083 G.
592 4047 623 4097 p.
642 4033 673 4084 5:
697 4032 823 4096 torquem
849 4045 971 4095 aureum,
996 4028 1025 4081 in
1051 4046 1103 4096 quo
1129 4027 1276 4081 Heinrious
1298 4033 1299 4038 ’

159 4099 246 4153 occidi
259 4099 380 4166 deberet,
393 4097 464 4150 mire
476 4103 535 4152 erte
548 4105 590 4154 etc.
599 4117 611 4163 ,·
629 4100 755 4166 Siyebert.
768 4102 814 4154 SS.
829 4101 875 4166 VI,
891 4119 919 4169 p.
933 4103 1000 4155 346:
1016 4103 1143 4168 torquem
1156 4117 1276 4164 auream,

8 4175 9 4182 ’
113 4187 141 4227 io
159 4187 227 4239 quoe
246 4171 317 4225 collo
337 4170 414 4224 ducis
431 4186 523 4222 seeum
543 4171 712 4224 conviventis
729 4171 886 4226 iniceretur.
977 4173 1004 4240 5)
1034 4173 1076 4236 Cf.
1101 4174 1133 4224 cle
1157 4171 1279 4224 hocloco

159 4259 224 4310 qnae
242 4247 271 4296 in
283 4243 458 4312 praefatione
475 4242 542 4297 diei,
