3174 4888
324 357 360 410 42
774 351 995 408 WIDUKINDI

326 535 510 613 ereseere²,
544 535 674 600 donea⁸
701 535 869 600 dilatatae
898 535 974 620 ipsa
1002 530 1084 600 suab
1111 537 1181 600 iam
1205 537 1442 620 magnitudine

326 625 495 702 laborant,
526 627 568 687 ut
598 624 753 688 videmus
788 625 826 688 in
853 645 967 689 amore
998 626 1119 690 mundi
1150 629 1185 690 et
1215 625 1323 690 totius
1353 625 1443 692 orbis

327 713 450 797 eapite,
475 721 573 797 patre
597 716 668 790 tuo,
695 714 792 776 auius
815 715 992 797 potentiae
1009 715 1222 778 maiestatem
1248 735 1318 778 non
1334 714 1442 778 solum

327 801 522 877 Germania,
546 801 653 866 Italia
672 806 776 884 atque
793 799 917 880 Gallia,
943 803 1003 868 sed
1025 806 1103 868 tota
1124 803 1198 867 fere
1214 803 1353 886 Europa
1374 823 1443 866 non

327 891 485 956 sustinet.
538 890 652 956 (lolito
682 891 800 973 itaque
829 895 988 955 tantum⁰
1021 895 1217 975 patronum,
1249 912 1317 974 quo
1346 892 1473 955 adue-s

326 981 444 1045 niente
468 980 618 1044 Saxonia
641 1000 682 1044 ex
706 1001 804 1044 serva
818 981 914 1044 laeta
937 984 990 1045 est
1005 981 1115 1046 libera
1138 984 1174 1045 et
1198 1001 1239 1044 ex
1261 979 1445 1044 tributaria

327 1068 514 1132 multarum
540 1069 695 1151 gentium
714 1069 853 1132 domina
863 1070 885 1130 ².
920 1069 1041 1152 Neque
1057 1070 1148 1134 enim
1165 1069 1247 1132 talis
1263 1089 1303 1132 ao
1327 1071 1445 1132 tantus

327 1152 473 1221 summi‘l
493 1157 560 1222 Dei
583 1158 713 1222 amiens
735 1158 789 1221 tui
813 1157 926 1240 gratia
947 1159 1091 1242 indiget,
1116 1178 1179 1222 nos
1194 1177 1276 1221 vero
1298 1157 1441 1221 lamuli⁸

327 1246 435 1329 ipsius
464 1246 670 1330 indigemus.
724 1246 825 1310 Unde
855 1250 896 1310 ut
926 1267 1004 1311 eum
1038 1248 1147 1331 possis
1182 1246 1311 1311 habere
1344 1246 1446 1310 inter·

328 1354 494 1399 cessorem
530 1335 624 1417 apud
659 1334 841 1400 caelestem
880 1335 1132 1419 imperatorem,
1169 1328 1378 1400 habeamusf
1410 1338 1446 1398 te
1464 1359 1488 1397 a

328 1424 557 1487 advocatumg
575 1424 668 1507 apud
690 1426 866 1488 terrenum
890 1444 1016 1508 regem,
1040 1428 1140 1488 turim
1165 1424 1298 1488 seilicet
1313 1426 1446 1506 patrem

328 1515 432 1595 atque
454 1511 611 1576 fratrem.

434 1635 579 1700 XXXV.
627 1636 742 1720 Igitur
778 1635 964 1700 Heinrieus
1001 1656 1061 1701 rex
1099 1639 1242 1720 accepta
1281 1655 1365 1720 paee
1405 1635 1447 1700 ab

328 1725 490 1808 Ungariis
519 1725 563 1788 ad
586 1745 709 1790 novem
740 1744 848 1788 annos
878 1727 1009 1808 quanta
1039 1724 1225 1808 prudentia
1251 1724 1448 1808 vigilaverit

327 1814 364 1877 in
388 1814 575 1878 munienda
598 1814 713 1896 patria
735 1817 771 1877 et
794 1814 831 1877 in
853 1814 1083 1897 expugnando
1099 1812 1262 1877 barbaras
1278 1813 1446 1890 nationes,
1456 1836 1547 2060 Ἄ]

329 1923 432 1986 supra
466 1905 618 1967 nostram
655 1905 707 1967 est
737 1902 901 1966 virtutem
937 1902 1079 1980 edicere,
1110 1894 1214 1966 lieet¹¹
1241 1902 1483 1966 omnimodist
1547 1927 1550 1936 ’

328 2012 399 2054 non
429 1993 588 2074 oporteat
617 1991 736 2056 taoeri.
793 1991 840 2054 Et
873 1991 1021 2076 primum
1056 1991 1193 2073 quidem
1231 2011 1272 2055 ex
1304 1991 1448 2074 agrariis
1504 2021 1531 2034 ι’

328 2079 498 2143 militibus
521 2073 669 2143 nonu1n¹
692 2100 861 2164 quemque
884 2079 1015 2163 eligens
1037 2080 1075 2142 in
1097 2078 1241 2143 urbibus
1263 2061 1529 2144 habitareklitw‘

328 2168 423 2244 feeit,
448 2172 489 2232 ut
512 2168 636 2233 ceteris
660 2168 954 2233 confamiliaribus
978 2169 1048 2232 suis
1072 2172 1150 2233 ooto
1171 2168 1374 2233 habitacula
1397 2190 1448 2232 ex·

327 2260 470 2334 tmeret,
500 2257 642 2340 frugum
665 2257 819 2321 omnium
844 2257 983 2322 tertiam
1014 2261 1148 2340 partem
1180 2258 1353 2340 exciperet
1384 2277 1449 2322 ser·
1466 2280 1489 2318 so

328 2350 504 2429 varetque.
566 2345 681 2410 Ceteri
718 2367 799 2410 vero
839 2349 918 2410 ooto
956 2347 1165 2410 seminarent
1204 2350 1240 2409 et
1277 2349 1449 2410 meterent

328 2436 514 2520 frugesque
539 2434 744 2518 colligerent
767 2455 858 2499 nono
882 2439 917 2499 et
941 2435 1011 2499 suis
1035 2454 1092 2499 eas
1108 2434 1194 2499 loeis
1209 2435 1448 2499 reconderent.

328 2523 484 2588 Oonoilia
507 2528 542 2588 et
566 2544 684 2588 omnes
708 2528 897 2588 conventus
921 2527 1025 2607 atque
1050 2523 1207 2588 convivia
1236 2524 1273 2586 in
1302 2523 1449 2588 urbibus
1500 2516 1546 2554 '⁸‘

327 2613 439 2677 voluit
463 2612 646 2691 celebrari;
671 2613 707 2675 in
731 2611 855 2696 quibus
878 2612 1078 2676 extruendis
1102 2612 1158 2677 die
1174 2602 1449 2697 noctuque'dpe·

327 2723 401 2766 ram
432 2701 573 2779 dabant,
609 2702 772 2785 quatinus
803 2702 839 2763 in
872 2721 956 2784 pace
990 2700 1172 2778 discerent,
1208 2701 1292 2784 quid
1326 2705 1450 2765 eontra
1466 2721 1489 2761 a

328 2791 445 2856 hostes
478 2791 515 2854 in
550 2791 756 2856 necessitate
786 2789 902 2854 facere
932 2783 1198 2854 deb11issent1·³.
1256 2789 1351 2853 Vilia
1387 2793 1449 2855 aut

327 3019 349 3065 ι)
368 3015 440 3058 donea
453 3029 495 3061 om.
508 3018 555 3060 Bl.
636 3015 659 3068 b)
677 3016 722 3056 lam
740 3026 781 3055 sua
799 3017 827 3059 A.
908 3015 929 3067 a)
947 3020 1033 3056 tautum
1051 3027 1094 3055 om,
1109 3017 1136 3060 A.
1217 3016 1240 3064 d)
1257 3014 1295 3056 del
1308 3017 1388 3056 summi
1402 3016 1449 3059 Β1.

327 3073 348 3119 e)
366 3071 436 3120 ipsius
451 3071 528 3110 famuli
541 3071 589 3113 Bl,
655 3069 673 3118 Ι)
691 3069 774 3109 habeat
789 3069 812 3118 0,
828 3069 879 3107 ntra
893 3070 970 3112 erasis.
1036 3071 1059 3118 g)
1077 3067 1211 3110 aduocatam
1225 3069 1272 3112 Bt.
1338 3070 1362 3118 h)
1381 3069 1449 3110 liceat

328 3125 355 3167 A.
369 3125 391 3167 C.
446 3124 463 3172 i)
477 3134 558 3164 nouem
571 3124 618 3167 131.
672 3122 697 3174 k)
710 3123 765 3162 sealt
779 3123 829 3165 hab.
842 3123 889 3165 131.
943 3123 959 3172 l)
973 3120 1083 3162 deberent
1096 3123 1142 3166 1³1.

328 3302 354 3367 l)
375 3301 416 3365 Cf.
435 3299 486 3355 Eo.
504 3300 562 3353 Ion.
581 3303 608 3366 3,
627 3302 676 3354 30:
698 3297 783 3351 Illum
803 3302 912 3368 oportet
930 3315 1060 3366 arescere,
1079 3316 1124 3352 me
1143 3302 1235 3352 autem
1253 3297 1354 3366 minui3
1374 3300 1449 3351 Livii
1464 3307 1489 3346 so

321 3372 431 3439 praefi:
450 3368 506 3423 Res
519 3412 525 3424 .
540 3412 546 3426 .
561 3412 567 3425 .
581 3385 613 3423 eo
633 3369 758 3437 ereverit,
776 3373 808 3422 ut
826 3370 880 3423 iam
893 3369 1081 3436 magnitudine
1100 3369 1207 3423 laboret
1219 3386 1281 3438 sua;
1299 3371 1365 3425 ibid.
1378 3372 1402 3436 I,
1414 3373 1445 3425 2:

325 3459 385 3495 rem
399 3441 547 3494 Troianam
565 3456 686 3494 erescere
698 3443 789 3508 ratus3
807 3440 996 3511 magnitudine
1013 3458 1062 3494 sua
1080 3443 1159 3493 ettam
1172 3442 1282 3494 Souna.
1295 3441 1352 3496 oar.
1371 3457 1391 3496 a.
1402 3444 1445 3498 53.

325 3515 418 3566 Nimis
434 3528 519 3566 serare
536 3513 568 3564 da
585 3513 633 3564 hae
652 3513 705 3564 loeo
722 3513 844 3566 indicare
861 3513 965 3564 videtur
975 3512 1084 3578 Hanrk,
1096 3512 1177 3567 ‘Kal
1190 3512 1246 3578 III,
1262 3529 1292 3579 p.
1306 3514 1367 3576 312,
1379 3530 1406 3567 n.
1420 3515 1445 3568 9.

325 3585 353 3655 2)
373 3585 467 3638 leram.
484 3581 581 3639 ΤΙινοη.
601 3586 625 3651 1,
643 3585 674 3638 1:
693 3579 767 3636 facta
785 3586 826 3636 est
844 3583 920 3651 quasi
938 3582 1021 3636 vidua
1039 3582 1150 3636 domina
1168 3582 1299 3652 gentium,
1318 3582 1446 3651 princeps

325 3654 528 3724 provinciarum
547 3653 621 3706 facta
639 3657 680 3707 est
698 3653 748 3706 sub
767 3654 879 3709 tributo.
946 3657 974 3721 3)
996 3655 1037 3720 Of.
1057 3671 1124 3721 quaa
1141 3655 1174 3706 da
1191 3657 1279 3706 muris
1290 3655 1447 3706 monasterti
1463 3658 1487 3700 at

325 3727 524 3792 Herafeldensr's
541 3731 603 3777 tana
629 3727 770 3777 eaetrueta's
794 3726 906 3778 tradant
925 3725 1022 3780 Mirus.
1041 3727 1068 3779 S.
1087 3725 1218 3792 Wipberti
1234 3741 1255 3784 a,
1274 3728 1300 3790 5,
1326 3725 1373 3779 SS.
1393 3725 1445 3789 IV,

320 3817 351 3867 p.
371 3801 432 3854 225.
452 3828 486 3837 -
508 3797 547 3849 De
564 3797 614 3849 hac
631 3796 791 3848 Wtantindt
808 3798 969 3849 narratione
987 3797 1139 3849 litterarum
1157 3802 1232 3848 nasta
1250 3797 1329 3848 moles
1349 3802 1444 3850 eadat.

326 3870 369 3933 Cf.
381 3871 478 3936 Waitz,
493 3867 597 3927 ‘Her'nr⁸
608 3868 640 3922 I!
652 3884 679 3934 p.
689 3869 740 3922 231
750 3883 814 3934 sqq,
833 3883 866 3918 aa
876 3883 964 3936 nuper
981 3868 1007 3922 0.
1018 3867 1181 3934 Rodenherp,
1200 3867 1298 3921 ‘attan
1311 3869 1337 3921 d.
1350 3871 1445 3922 ostem.

324 3941 401 3995 Inst!
414 3940 510 4005 XVII,
529 3958 560 4008 p.
579 3940 715 4005 161⁸qu
732 3938 862 4006 Keatpen,
883 3939 1132 4004 ‘Unarsuananam
1149 3938 1214 3989 nider
1231 3939 1281 3990 den
1301 3938 1445 4004 Urepnunp

324 4011 372 4062 der
390 4012 425 4065 D.
444 4009 692 4075 Stadmnrfassunp'
706 4027 736 4077 p.
754 4012 790 4064 42
802 4026 857 4077 sqq.
876 4017 899 4062 et
918 4009 1000 4062 ‘Neue
1015 4009 1163 4063 Janrauan.
1178 4009 1238 4073 fid.
1252 4009 1335 4061 klaas.
1348 4010 1442 4062 ΔΖΜ.
1460 4013 1485 4053 ⁴⁰
1574 4079 1575 4086 ἵ

327 4082 418 4136 Gessit.
437 4098 464 4137 a.
481 4083 515 4137 D.
528 4081 602 4136 Lat!
622 4082 700 4136 1900.
715 4096 744 4146 p.
759 4083 811 4135 287
820 4097 876 4148 sqq.
915 4081 1038 4133 Hetnrtas'
1054 4081 1233 4132 institutiones
1251 4080 1287 4130 ad
1305 4079 1444 4132 orientales

324 4154 456 4221 quasdam
474 4153 610 4205 Senoniae
625 4156 718 4220 partes
735 4157 863 4218 spectasse
881 4151 950 4203 mihi
960 4167 1124 4218 paenarum
1142 4151 1232 4205 habeo.
