3202 4874
742 345 962 403 WIDUKINDI

477 531 520 596 X.
561 530 752 616 Celebraiis
782 551 841 594 rex
872 529 1002 615 nuptiis
1032 531 1218 596 revertitur
1250 532 1288 594 in
1311 531 1409 595 Soxo-

560 620 664 696 niom‚
693 622 899 702 secutusque
929 639 1008 683 eum
1032 620 1265 684 Bernhnrius⁸
1291 640 1410 703 pacem

560 729 638 772 oum
662 729 703 773 eo
725 699 917 772 facturusb.

458 797 522 861 XI.
562 796 616 861 De
640 801 813 861 conventu
836 796 957 880 populi
980 797 1073 880 opud
1096 798 1216 861 urbem
1240 798 1410 880 Angusta·

560 889 660 949 num⁰
685 888 720 950 ei
744 884 910 949 miraculo
934 886 1025 967 quod
1049 886 1099 949 ibi
1122 885 1258 950 oceidit.
1429 905 1445 944 s

350 1015 351 1018 =
435 974 520 1038 XII.
560 974 613 1039 De
636 973 717 1038 filiis
740 974 841 1057 regis.

414 1063 519 1128 XIII.
559 1062 612 1127 De
635 1063 770 1127 insidiis
792 1083 877 1146 quas
903 1066 1111 1146 paraverunt
1133 1063 1216 1146 regi.

396 1151 522 1216 XIIII.
562 1151 615 1216 De
639 1155 809 1236 apparatu
832 1151 997 1234 paschali.

443 1240 519 1303 XV.
559 1240 612 1305 De
642 1240 715 1303 filio
745 1259 940 1324 generoque
969 1241 1060 1323 regis
1090 1243 1126 1305 ei
1155 1241 1318 1325 pontifice
1342 1241 1411 1304 Fri·

558 1329 707 1393 thnrioo.
1432 1348 1461 1388 ιο

425 1417 522 1482 XVI.
563 1417 616 1481 De
656 1421 827 1483 conventu
866 1418 986 1501 populi
1025 1419 1119 1502 apud
1157 1417 1335 1482 Fridisleri
1376 1421 1412 1482 ei

560 1501 728 1571 Dadano⁶
755 1509 791 1570 ei
816 1506 1025 1571 Wilhelmo⁰
1055 1507 1248 1571 oomiiibus.

403 1595 519 1660 XVII.
559 1595 613 1660 De
636 1615 753 1679 pugno
769 1594 1012 1659 Loihariorum
1036 1616 1114 1660 oum
1131 1594 1288 1660 Conrado
1312 1596 1410 1660 duce.

382 1683 518 1748 XVIII.
558 1684 612 1749 De
646 1684 825 1748 obsidione
859 1683 1081 1766 Mogentiana
1116 1688 1151 1749 eb
1186 1683 1411 1749 slieroufione

559 1772 717 1837 Heinrioi
740 1775 775 1837 et
798 1772 962 1836 Liudulfi.
1432 1792 1460 1830 1⁶

362 1861 519 1925 XVIIII.
559 1861 612 1926 De
636 1855 832 1926 Iioberhtor
853 1862 944 1944 regis
968 1862 1183 1926 consobrino.

441 1949 520 2012 XX.
560 1950 612 2014 De
629 1949 807 2027 Boiouriis,
824 1951 996 2033 quomodo
1012 1951 1123 2014 iunoii
1139 1954 1221 2014 suni
1233 1950 1411 2015 Lindulfo.

421 2038 520 2102 XXI.
560 2038 613 2102 De
629 2038 779 2103 Amulio
804 2041 839 2103 ot
862 2039 1030 2103 frutribus
1054 2040 1137 2116 eius,
1162 2042 1198 2103 ei
1221 2040 1302 2122 quia
1320 2059 1412 2104 exer·

560 2128 650 2192 eiius
674 2127 871 2192 missionem
894 2128 997 2211 pediii
1020 2131 1056 2192 eb
1080 2128 1241 2211 uooipitss.

402 2215 520 2278 XXII.
561 2215 727 2299 Detege,
753 2220 788 2281 et
810 2216 893 2299 quie
916 2216 1019 2281 multi
1046 2216 1251 2282 defecerunt
1281 2237 1302 2280 a
1331 2217 1409 2281 fide.
1431 2237 1460 2275 so

310 2297 317 2312 '
382 2304 521 2368 XXIII.
560 2304 614 2369 De
638 2305 791 2369 exercitu
807 2305 975 2369 Saronico
999 2305 1059 2388 qui
1074 2305 1289 2388 Mogontiam
1313 2305 1410 2370 adiit.

359 2392 519 2458 XXHII.
559 2393 611 2458 De
635 2393 819 2458 Thiodrieo
843 2397 879 2458 ei
897 2393 1111 2459 Wiomunno.

389 2481 518 2545 *XXV
558 2481 610 2548 De
634 2475 830 2607 Ecbehrhtof
856 2486 892 2547 et
912 2482 1117 2568 Wiomunno
1145 2486 1181 2548 et
1209 2484 1296 2549 duoe
1319 2483 1412 2546 Hiri·
1432 2502 1525 2552 *nno

559 2591 710 2635 munnno
738 2617 746 2634 .

388 2659 518 2723 XXVI.
558 2659 611 2724 De
634 2661 724 2744 regis
748 2660 900 2724 adventu
923 2659 961 2722 in
984 2659 1190 2725 Boioariam.
1431 2679 1460 2718 25

366 2747 518 2812 XXVII.
559 2748 612 2813 De
646 2749 810 2832 pontifice
839 2748 1037 2814 Frithurioo
1072 2752 1107 2814 et
1142 2751 1265 2814 ceteris
1299 2749 1411 2833 ponti-

558 2837 690 2901 ficibus.
1407 2854 1410 2860 ·

348 2925 516 2990 XXVIII.
559 2924 739 3004 Quomodo
762 2945 822 2990 rex
845 2926 977 2991 infecio
1000 2927 1141 3010 negotio
1164 2927 1349 2992 revertiiur
1373 2928 1412 2990 in

559 3014 752 3078 Saxoniam.

329 3102 521 3168 XXVIIII.
561 3103 614 3168 De
638 3104 748 3169 oensis
772 3096 990 3167 Hirimonnih
1019 3107 1055 3167 et
1079 3107 1246 3187 nepotum
1270 3104 1353 3170 eius.
1433 3125 1461 3164 so

407 3191 519 3256 XXX.
559 3194 688 3257 Avares
713 3193 907 3274 iunguntur
931 3186 1134 3270 Boiouriis¹‚
1165 3213 1225 3258 rex
1247 3214 1327 3258 vero
1358 3213 1413 3257 oo·

559 3282 667 3345 currit
690 3281 738 3345 eis
763 3302 841 3345 eum
863 3280 979 3345 valida
1003 3302 1117 3344 menn.

385 3368 518 3432 XXXI.
559 3369 710 3434 Boioerii
733 3369 826 3435 bello
848 3370 991 3454 fatigati
1015 3370 1057 3434 de
1081 3391 1165 3454 paee
1188 3373 1353 3434 tractant.

365 3457 519 3520 XXXII.
559 3457 612 3523 De
636 3459 765 3542 placito
788 3459 879 3542 regis
903 3459 996 3543 apud
1020 3458 1177 3524 Cinnam.

345 3546 519 3610 XXXIII.
559 3546 612 3612 De
642 3548 806 3631 pontifice
830 3547 1028 3612 Frithurieo
1058 3551 1094 3613 ei
1122 3547 1280 3612 Conrado
1310 3548 1411 3612 duee.
1434 3570 1462 3610 rs

325 3635 520 3700 XXXIIII.
559 3636 613 3701 De
636 3636 813 3713 Lindulfo,
839 3637 898 3719 qui
925 3657 945 3700 e
975 3639 1074 3720 patre
1101 3637 1211 3701 iratus
1242 3637 1410 3716 discessit,

559 3728 595 3789 ei
618 3746 677 3790 rex
701 3745 778 3790 eum
803 3726 1029 3809 persequitur.

374 3814 518 3878 XXXV.
557 3813 679 3899 Pugna
703 3815 795 3898 apud
819 3812 1003 3877 Horsadul.

354 3902 519 3968 XXXVI.
560 3901 703 3967 Obsidio
726 3903 821 3966 urbis
844 3896 954 3985 qusek
977 3902 1106 3966 dicitur
1128 3902 1339 3988 Renesburg.

337 3990 521 4055 XXXVII.
561 3991 747 4055 Liudulfus
764 4011 884 4076 paoem
899 3991 1064 4076 postulet,
1077 3993 1138 4057 sed
1154 4013 1224 4056 non
1235 3991 1411 4075 impetrat,
1434 4015 1464 4056 ιο

559 4084 594 4144 et
619 4081 661 4145 de
686 4083 795 4145 morte
819 4080 972 4144 Arnulfi!

292 4217 314 4264 a)
327 4213 454 4254 bertharius
468 4216 490 4258 h.
504 4217 519 4260 l.
532 4217 555 4266 O,
570 4217 632 4264 Infra
646 4217 786 4259 bernharius.
844 4216 868 4266 b)
881 4221 998 4256 secuturus
1012 4217 1033 4260 h.
1047 4218 1063 4259 l.
1076 4217 1104 4266 C,-
1119 4218 1219 4257 fauturus
1233 4217 1295 4264 infru
1309 4217 1332 4254 tn
1346 4227 1366 4258 o.
1381 4217 1413 4258 X.

292 4271 313 4316 o)
326 4271 472 4317 augustanam
486 4268 509 4312 0.
562 4268 586 4318 d)
600 4267 659 4309 dono
673 4281 730 4313 corr.
744 4268 832 4310 dadano
844 4270 868 4320 0,
882 4271 975 4310 secunda
988 4271 1076 4320 syllaba
1089 4269 1119 4311 ds
1133 4272 1206 4310 eadem
1221 4281 1288 4310 manu
1301 4281 1412 4320 moror.

292 4319 469 4425 grandnm&
509 4321 530 4372 f)
541 4323 774 4372 etberhroceaopiue.
814 4323 838 4374 g)
852 4323 923 4373 sulpit
932 4323 954 4367 0.
995 4323 1017 4372 h)
1031 4325 1195 4374 aberamus.
1235 4323 1252 4375 ί)
1265 4323 1380 4364 boiourlos
1390 4326 1414 4369 G.
