3196 4880
343 401 377 477 ea
791 397 1012 454 wrnunrum

343 584 452 645 mater
486 581 560 651 eius
595 581 667 645 filia
705 584 800 646 eram
838 584 1046 646 materterae
1081 575 1272 664 Sigifridih,
1312 583 1354 647 de
1391 605 1455 666 qua

342 670 464 752 genuit
487 691 547 734 rex
570 669 756 735 Heinricus
772 669 1082 735 Thanomaru1n0·l
1104 705 1157 746 -‚
1182 674 1218 734 et
1240 672 1350 755 regali
1368 673 1455 736 dono

342 754 520 824 cessisset(l
559 759 686 824 Ger-oni
725 759 843 823 comiti
853 759 874 835 2,
920 759 1072 823 afflictus
1110 763 1163 823 est
1201 758 1450 824 Thancmarus⁰

269 848 485 912 938tristitia
508 869 644 932 magna.
679 848 752 914 Rex
775 851 892 913 autem
916 843 1114 912 transivitd*
1131 849 1169 911 in
1185 848 1397 913 Boioerisme
1422 853 1456 914 et

341 938 443 1002 rebus
466 931 536 1001 ibif
563 938 630 1002 rite
654 937 851 1021 compositis
875 957 1030 1002 reversus
1054 941 1107 1002 est
1129 937 1165 1001 in
1191 937 1405 1002 Saxoniami.
1472 959 1483 998 s

448 1062 491 1124 X.
533 1061 709 1126 Dissensio
733 1069 859 1139 autem,
885 1067 995 1144 quaeg
1020 1062 1116 1125 faeta
1140 1055 1212 1126 esth
1240 1063 1331 1127 inter
1355 1063 1454 1126 Evur·

342 1143 506 1214 hardum¹
538 1154 573 1215 et
603 1144 853 1233 Bruningumk,
886 1151 930 1214 ad
960 1151 1026 1215 hoe
1056 1151 1226 1233 pervenit,
1262 1154 1302 1214 ut
1338 1152 1455 1216 caedes

341 1238 501 1324 publicae
525 1241 657 1317 fierent,
690 1239 1043 1324 depopulationesque
1074 1261 1233 1322 agrorum
1264 1245 1455 1324 agerentur,

341 1330 377 1391 et
401 1328 443 1392 ab
467 1329 636 1392 incendiis
659 1349 829 1412 nusquam
853 1329 1077 1393 abstinerent.
1117 1328 1171 1393 De
1191 1328 1307 1413 legum
1324 1351 1455 1413 quoque

340 1417 531 1482 varietate⁴
545 1418 641 1481 facta
660 1420 764 1482 estet
781 1419 967 1495 contentio,
991 1418 1203 1500 fueruntque
1219 1419 1278 1500 qui
1294 1419 1455 1495 dicerent,
1474 1439 1494 1478 ιο

341 1506 421 1588 quia
451 1506 515 1569 filii
545 1507 694 1571 filiorum
725 1527 794 1570 non
830 1506 996 1572 deberent
1027 1507 1220 1590 computari
1249 1507 1342 1572 inter
1371 1507 1456 1572 filios

341 1595 638 1678 hereditatemque
677 1587 850 1678 legitime¹
895 1617 970 1659 cum
1012 1595 1092 1658 filiis
1131 1595 1256 1672 sortiri,
1301 1597 1330 1659 si
1369 1597 1456 1661 forte

340 1686 455 1766 patres
480 1705 597 1749 eorum
622 1685 803 1749 obissentnl
827 1685 899 1748 aris
926 1685 1179 1768 superstitibus.
1226 1683 1327 1750 Unde
1355 1685 1457 1751 exiit⁵

341 1773 493 1836 edictum
517 1795 537 1836 a
559 1793 650 1858 rege,
676 1776 717 1837 ut
747 1773 951 1837 universalis
980 1774 1101 1857 populi
1131 1774 1334 1838 conuention
1362 1776 1457 1839 fieret

239 1881 330 1930 (Maio).
341 1862 433 1945 apud
463 1861 580 1927 villam
614 1882 701 1945 quae
732 1862 860 1926 dieitur
891 1861 1058 1939 Stela⁰·⁶;
1093 1862 1294 1945 factumque
1325 1867 1389 1937 est,
1420 1867 1456 1926 ut
1473 1881 1494 1920 1⁶

341 1970 444 2013 eausa
466 1951 557 2015 inter
580 1951 728 2015 arbitros
751 1951 964 2016 iudicaretur
987 1951 1111 2016 debere
1127 1951 1315 2016 examinari
1326 1951 1347 2014 ⁷.
1386 1953 1456 2017 Rex

340 2042 457 2103 autem
481 2038 615 2104 meliori
639 2039 782 2104 consilio
805 2060 887 2103 usus
910 2039 1024 2104 noluit
1046 2039 1136 2104 viros
1155 2040 1287 2105 nobiles
1305 2062 1345 2106 ao
1362 2061 1456 2106 senes

340 2128 460 2210 populi
482 2128 664 2193 inhoneste
694 2130 848 2208 tractari,
879 2130 940 2194 sed
970 2129 1079 2213 magis
1109 2149 1180 2193 rem
1208 2129 1300 2194 inter
1331 2131 1456 2214 gladia-

339 2337 361 2383 a)
380 2339 514 2376 materterae
528 2339 576 2375 erat
589 2337 637 2377 Ba.
705 2337 728 2385 b)
745 2335 828 2376 sifridis
842 2337 875 2384 Α)
894 2334 1049 2388 Siarrid11323
1066 2337 1167 2386 sigefridi
1180 2338 1242 2380 mar.
1256 2338 1323 2380 Saxo.
1391 2342 1411 2388 c)
1428 2339 1457 2377 aie

339 2390 404 2427 etiam
419 2390 446 2438 A,
461 2389 489 2436 cf.
503 2401 571 2438 cupra
583 2402 607 2438 p.
620 2391 654 2439 61,
668 2401 690 2432 a.
703 2401 731 2432 m.
800 2389 823 2438 d)
842 2391 951 2430 concessit
965 2391 989 2430 0.
1058 2387 1095 2441 d*)
1113 2391 1204 2430 transiit
1218 2392 1297 2439 prima
1314 2403 1382 2430 manu
1401 2403 1456 2432 carr.
1472 2389 1493 2428 20
1575 2419 1576 2428 .

340 2443 444 2481 transiuit
458 2443 480 2484 0,
535 2445 557 2492 e)
570 2443 601 2481 eie
614 2445 644 2492 Ο)
657 2444 778 2482 bawariam
792 2446 819 2487 Δ,
832 2444 880 2483 ΒΙ.
895 2445 968 2492 Suam
983 2444 1109 2483 Baioariam
1122 2444 1168 2486 Ba.
1229 2443 1247 2494 ἰ)
1261 2445 1329 2484 rebus
1343 2447 1421 2495 positis
1435 2446 1455 2488 0.

339 2497 361 2544 g)
380 2507 438 2543 quae
453 2507 494 2538 om.
507 2496 534 2538 A.
603 2496 626 2542 hi
645 2501 694 2536 erat
707 2498 753 2539 Β1.
821 2498 838 2545 ί)
856 2499 886 2536 ric
901 2497 930 2546 0,·
950 2495 1099 2537 euerhardum
1114 2500 1140 2540 Α.
1154 2498 1205 2548 1325
1227 2498 1376 2538 eborhardum
1391 2500 1455 2541 Saxo.

339 2550 363 2598 k>
376 2549 406 2588 aie
420 2550 441 2592 h.
451 2550 465 2592 i.
476 2550 600 2588 ctiamAet
610 2551 678 2600 Saxo,
693 2551 720 2598 cs.
729 2561 799 2598 supra
803 2562 828 2600 p.
836 2551 869 2600 60,
880 2563 901 2594 n,
910 2562 939 2592 m.
993 2550 1009 2601 l)
1023 2561 1074 2590 cum
1087 2549 1138 2590 tliir
1153 2551 1198 2601 leg.
1213 2551 1260 2594 Β1.
1314 2551 1345 2604 m)
1358 2553 1456 2593 abissent

338 2603 388 2643 aliis
403 2603 470 2647 Saxo.
524 2605 684 2652 manaremus
699 2604 765 2646 Saxo.
821 2606 843 2652 ο)
857 2605 912 2644 stele
926 2605 992 2646 Saxo.

340 2747 365 2812 1)
384 2746 431 2797 Ita
449 2745 480 2798 m·
496 2746 566 2798 inter
584 2763 610 2799 ee
628 2748 763 2798 coniuncti
778 2749 862 2811 fuisse
880 2747 1032 2868 mdemturN
1472 2761 1493 2802 at
1575 2803 1576 2820 χ

506 3083 652 3138 Heimicma
670 3011 830 3150 Hatiicdmy
1108 3085 1260 3151 Siyifiidm

505 3154 825 3252 —T.-.--d

252 3287 254 3291 -
566 3253 762 3308 Thamomarma.
1575 3259 1576 3304 Ὺ

338 3325 379 3389 Of.
398 3325 494 3388 Waitz,
512 3324 616 3378 ‘Heimz
634 3325 668 3379 Ι)
685 3325 724 3378 ed.
741 3328 766 3379 3.
783 3343 811 3392 p.
828 3327 894 3391 2083
913 3325 1015 3391 Karza,
1033 3324 1113 3378 ‘Nem
1126 3323 1225 3379 Marta!
1238 3324 1336 3390 XVII,
1353 3343 1381 3393 p.
1395 3327 1454 3380 283.
1471 3335 1493 3376 ab

338 3394 365 3463 2)
391 3396 431 3447 De
456 3411 508 3461 quo
533 3401 641 3461 enarum
666 3397 843 3462 copiosissime
863 3396 899 3447 K.
920 3395 983 3450 om.
1006 3397 1037 3447 de
1054 3396 1176 3462 Lmimh,
1196 3395 1357 3462 ‘Martyres
1375 3395 1453 3448 Gero'

335 3467 443 3532 (1828),
470 3472 493 3518 et
521 3466 549 3521 0.
575 3467 605 3517 de
628 3466 804 3531 Heimmmmm
829 3466 993 3532 ‘Martyres
1012 3467 1094 3520 Gero’
1118 3469 1225 3533 (1860).
1315 3467 1343 3536 3)
1368 3467 1454 3518 Immo

337 3537 442 3589 duabus
460 3538 669 3604 expedit-ionibus
686 3553 753 3606 omia
770 3543 838 3603 erat,
861 3543 892 3589 at
910 3539 1043 3590 Bawario
1062 3543 1225 3606 peraratum·
1249 3539 1283 3603 of.
1302 3537 1453 3606 Rmfilmp.

335 3609 377 3673 II,
402 3625 448 3662 nr.
466 3612 534 3665 iba.
553 3611 620 3674 769.
637 3609 662 3663 b.
752 3609 780 3678 4)
808 3610 848 3674 Cf.
873 3624 960 3676 supra
980 3627 1010 3676 p.
1030 3611 1073 3675 20,
1096 3611 1113 3664 i.
1135 3612 1183 3665 19:
1208 3608 1249 3662 De
1274 3608 1368 3678 legum
1390 3624 1453 3662 vero

336 3680 469 3734 varietate
487 3687 531 3734 am.
567 3679 763 3732 Narrationem
781 3695 850 3748 qaae
873 3683 993 3746 seqnitur
1017 3682 1073 3732 iam
1099 3683 1222 3736 a.1853.
1250 3680 1358 3748 Goupp,
1378 3681 1454 3733 ‘Ger-
1469 3690 1491 3731 at
1575 3695 1576 3698 ¹

335 3752 507 3804 mammiiacbe
522 3751 746 3817 Adhamdimmym'
759 3769 788 3818 p.
808 3753 868 3816 127,
886 3767 912 3804 m.
932 3753 955 3815 1,
973 3756 1039 3804 recte
1056 3753 1247 3819 interpretatus
1264 3757 1318 3815 cst;
1335 3752 1452 3812 umiae,
1575 3755 1576 3772 ¹

334 3825 384 3889 qui
405 3824 504 3890 Gampp
529 3825 701 3888 iqmorarumt,
727 3823 758 3873 de
781 3823 896 3888 Simeon,
920 3821 1122 3888 ‘Forachmaym
1143 3841 1167 3877 z.
1186 3823 1221 3877 D.
1241 3822 1342 3876 Gestis!
1361 3821 1452 3886 XXV,

331 3910 363 3960 p.
388 3895 440 3948 369
458 3910 523 3960 sqq„
549 3896 594 3945 eui
616 3893 704 3944 Waitz
728 3893 791 3949 ibid.
812 3915 842 3963 p.
868 3895 930 3959 373,
955 3909 983 3947 m.
1008 3896 1033 3947 2.
1060 3909 1185 3946 aaronem
1207 3898 1261 3955 est,·
1285 3895 1316 3944 de
1342 3894 1452 3957 Planci,

337 3962 399 4018 ‘SR
418 3964 444 4018 d.
463 3965 524 4019 hm.
545 3965 583 4019 Ol.
602 3965 628 4018 d.
647 3965 810 4016 Mimohmer
824 3964 982 4015 Akademie’
1000 3965 1077 4019 1886.
1100 3981 1128 4032 p.
1149 3967 1200 4020 155
1212 3981 1266 4031 sqq.
1348 3967 1377 4032 5)
1406 3965 1452 4016 Eo.

335 4034 401 4087 Luc.
427 4037 453 4100 2,
481 4038 511 4089 1:
537 4034 604 4088 exiit
628 4033 749 4087 edictum
775 4051 791 4086 a
816 4033 931 4087 (laesere
956 4034 1091 4104 Augusto,
1117 4038 1149 4086 ut
1172 4034 1372 4088 describeretur
1396 4035 1452 4088 uni-
1468 4045 1489 4084 m

336 4120 429 4156 versus
447 4103 528 4159 orbis.
610 4105 638 4172 6)
658 4107 738 4158 Simia
757 4107 917 4158 adlimam
935 4107 1055 4170 fluuium,
1074 4108 1105 4157 im
1122 4107 1221 4158 circulo
1237 4106 1332 4171 Eram,
1352 4107 1387 4158 ab
1406 4108 1452 4158 hae

335 4177 439 4226 ciuitate
456 4179 527 4228 inter
544 4177 681 4228 meridiem
699 4184 722 4228 ei
740 4180 864 4229 miratorii
883 4193 982 4232 ver-sur.
1018 4177 1113 4242 chem
1131 4179 1173 4229 die
1192 4179 1233 4232 18.
1253 4177 1327 4229 Maii
1348 4194 1373 4233 a.
1394 4179 1451 4234 938.

336 4245 364 4298 in
384 4245 460 4298 Stela
477 4249 561 4312 faisse
578 4248 696 4314 diploma
715 4248 827 4300 ostmdit
844 4247 906 4302 DD,
925 4247 950 4313 I,
972 4265 1002 4315 p.
1023 4250 1083 4303 108.
1171 4249 1198 4314 7)
1215 4248 1238 4302 Ι.
1258 4265 1277 4302 e.
1297 4254 1327 4300 ut
1345 4249 1450 4312 orbdm,

335 4320 389 4368 m'ri
418 4317 516 4370 mobiles
545 4334 577 4368 uo
605 4334 678 4370 amec
702 4319 814 4385 emonii,
844 4320 912 4370 siem
940 4322 1033 4371 statim
1062 4326 1199 4385 uocantur,
1230 4335 1339 4371 caueam
1370 4319 1451 4372 duello

333 4388 459 4439 iudicioli
475 4391 546 4440 imm·
563 4405 590 4440 se
607 4389 792 4442 dilaceratorem.
1464 4398 1486 4440 4⁵
1575 4401 1576 4446 t
