3132 4896
611 284 843 341 PRAEFATIO.
1230 286 1287 340 XV

165 470 363 534 videmus
386 471 422 531 in
446 489 561 532 amore
586 469 706 532 mundi
730 472 765 532 et
780 470 888 534 totius
904 469 995 533 orbis
1012 470 1136 553 eapite,
1161 474 1286 553 patre

164 562 258 634 tuo,
291 558 388 622 cuius
413 558 589 641 potentiae
620 558 835 623 maiestatem
865 579 935 622 non
966 558 1077 622 solum
1102 557 1287 623 Germania

167 699 173 711 .
212 699 218 710 .
257 699 262 710 .
302 699 308 710 .
345 648 405 711 sed
439 649 516 710 tota
549 647 622 712 fere
660 647 797 730 Europa
829 668 900 710 non
939 648 1150 725 sustinet3
1190 646 1287 712 ibid:

166 737 402 800 habeamus
426 738 461 800 te
486 737 691 800 advocatum
715 737 808 819 apud
830 739 1007 801 terrenum
1022 756 1148 820 regem,
1166 740 1287 800 tunm

129 825 299 890 escilicet
323 829 490 909 patrem
519 827 650 907 atque
674 826 875 902 fratrem;
908 824 961 904 II,
987 823 1149 905 praefat:
1172 846 1286 908 quam·

166 934 269 996 quam
303 915 341 976 in
375 914 530 977 Africam
567 914 754 997 Asiamque
789 915 897 997 patris
934 915 989 977 tui
1025 915 1095 978 iam
1133 918 1287 997 potestas

10 1015 12 1018 ·
111 1054 113 1058 .
165 1004 478 1087 protendatur;
504 1001 557 1082 II,
578 1007 636 1066 36:
663 998 769 1083 (Otto)
793 1003 949 1067 Romana
973 1003 1092 1086 lingua
1116 1003 1287 1068 Sclavani·

167 1111 273 1174 caque
312 1092 409 1174 loqui
446 1091 568 1168 scit;'
591 1093 649 1156 sed
690 1113 804 1156 rarum
845 1095 929 1170 est,
970 1113 1038 1175 quo
1076 1112 1194 1158 earum
1232 1093 1286 1156 uti

166 1181 373 1264 dignetur
405 1232 410 1242 .
443 1232 448 1242 .
480 1232 486 1243 .
517 1181 716 1244 tabularum
745 1181 846 1245 ludos
877 1185 991 1244 amat
1020 1185 1095 1260 etc.;
1125 1181 1200 1261 III,
1228 1186 1284 1245 12:

115 1293 145 1332 ιο
165 1269 251 1332 Nati
273 1273 356 1333 sunt
380 1273 495 1334 autem
520 1271 593 1352 regi
616 1270 679 1332 filii
712 1322 717 1332 .
745 1321 750 1332 .
778 1321 784 1332 .
815 1271 940 1334 tertius
971 1271 1107 1354 paterni
1137 1271 1286 1334 nominis

165 1359 346 1423 maiestate
371 1359 581 1441 designatus,
607 1379 722 1441 quem
748 1361 827 1422 iarn
855 1362 948 1442 post
975 1363 1133 1442 patrem
1163 1360 1286 1423 domi·

164 1468 258 1510 num
283 1469 327 1512 ae
350 1449 639 1531 imperatorem
663 1449 877 1512 universus
906 1451 1044 1530 sperat
1074 1447 1194 1512 orbis.
1241 1446 1288 1511 Et

164 1537 260 1600 codem
282 1535 478 1601 Dresdcusis
502 1531 567 1616 (A)
591 1556 655 1600 uou
678 1535 836 1616 iuteprum
859 1535 985 1599 tertium
1013 1535 1128 1599 tibrum
1155 1533 1285 1616 exbibet,

164 1625 220 1689 sed
242 1645 267 1689 c.
294 1630 346 1688 69.
371 1624 422 1688 bis
444 1623 548 1688 uerbis
571 1623 704 1704 buitur:
727 1625 764 1688 Is
788 1626 865 1688 linis
883 1625 1113 1688 Wiohmanno
1136 1625 1285 1708 talisque

116 1736 144 1776 ω
164 1715 324 1778 omnibus
347 1715 431 1790 fere,
456 1715 516 1796 qui
540 1719 660 1778 contra
683 1715 925 1797 imperatorem
942 1735 1038 1778 arma
1054 1717 1284 1797 sumpserunt,

164 1807 298 1886 patrem
321 1807 432 1866 tuum.

271 1892 444 1974 Hucusque
461 1892 614 1973 primum,
638 1889 705 1956 uisi
727 1890 883 1972 fallimur,
907 1889 1125 1957 Widulriudus
1146 1889 1284 1972 scripsit.

166 1979 250 2046 Suut
272 1979 397 2062 quidem
420 2001 500 2061 quae
522 1979 628 2060 ipsum
649 1979 718 2045 iam
741 1986 836 2045 autea
863 1979 944 2044 libro
973 1981 1071 2060 limem
1101 1979 1286 2061 imposuisse

164 2069 299 2134 tumuere
327 2068 467 2153 possint.
520 2068 732 2134 Wiebmauuo
763 2071 889 2134 subacto
921 2071 1081 2151 rebusque,
1117 2075 1153 2132 ut
1184 2067 1287 2151 ipsim

117 2180 148 2220 so
166 2156 269 2222 uerbis
297 2165 435 2238 utamur,
466 2157 527 2222 rite
555 2157 740 2239 cumpositis,
777 2157 917 2222 Ottoucm
947 2157 1061 2222 iterum
1090 2156 1128 2221 iu
1151 2157 1286 2222 Italiam

160 2246 339 2328 profectum
373 2268 438 2311 esse
472 2246 587 2327 tradit,
623 2267 675 2311 res
707 2267 780 2311 cero
814 2246 931 2311 ibidem
963 2253 1068 2328 pastas
1096 2267 1190 2328 quam
1221 2248 1285 2312 bre-

167 2333 293 2400 uissime
316 2335 445 2417 attiupit
463 2331 555 2415 (III,
573 2335 642 2416 63).
681 2335 774 2400 Haec
796 2340 944 2413 nostrae,
968 2335 1082 2417 iuquit,
1101 2337 1285 2401 tenuitatis

167 2446 238 2489 non
272 2429 324 2489 est
358 2426 507 2502 edicere,
544 2427 619 2501 sed,
655 2430 696 2488 ut
730 2426 832 2490 inItio
866 2426 1030 2490 historiae
1065 2426 1212 2509 predixi,
1248 2426 1285 2488 in

166 2517 305 2578 tantum
329 2514 425 2578 fideli
456 2515 637 2578 devotione
669 2515 861 2578 elaborasse
891 2515 1053 2578 sufficiat.
1102 2513 1285 2578 Caeterum

36 2649 39 2653 -
119 2622 249 2686 merga
271 2608 369 2667 tuam
393 2603 588 2668 claritatem
611 2605 978 2686 serenitatemque...
1000 2624 1126 2686 magna
1149 2604 1286 2668 devotio

167 2713 253 2776 opus
278 2692 409 2756 humile
433 2692 641 2776 magnificet.
695 2693 748 2755 At
778 2693 878 2756 finis
909 2692 1046 2757 civilis
1078 2692 1179 2756 belli
1208 2696 1286 2756 ter·

167 2783 300 2844 minus
331 2783 385 2845 sit
415 2781 563 2845 libelli.
616 2781 703 2861 Quae
725 2782 821 2845 cerba
843 2799 938 2861 quam
960 2779 1098 2844 maxime
1125 2779 1187 2858 fiai
1217 2801 1285 2844 cou-

166 2869 274 2934 aeuire
296 2890 386 2934 uemo
408 2890 474 2934 ωοω
495 2868 579 2934 uidet
587 2869 608 2931 1.

275 2959 353 3023 Nou
375 2957 475 3040 ipitur
497 2957 645 3023 aoutiuuo
669 2957 744 3022 libri
770 2964 833 3022 tres
863 2957 966 3038 operis
994 2955 1097 3021 uestri
1126 2956 1287 3038 compositi

120 3068 149 3109 so
167 3053 250 3111 suut.
297 3045 448 3130 Simpulos
471 3046 577 3128 libros,
601 3053 637 3111 ut
659 3044 804 3128 primum
825 3045 964 3127 perfecti
992 3051 1075 3126 suut,
1106 3044 1287 3110 Mabtbildi

167 3157 232 3201 esse
255 3135 390 3201 traditos
412 3134 559 3219 stupidae
582 3133 805 3218 praefationes
835 3135 1081 3200 deraomtrautl.
1136 3134 1186 3199 Ac
1215 3156 1286 3216 quo·

167 3224 258 3290 uiam
272 3225 310 3289 iu
323 3223 427 3306 primi
443 3224 520 3290 libri
532 3223 742 3309 praefatione
757 3225 795 3288 de
811 3223 1008 3288 Mabtbitdis
1027 3225 1206 3289 maiestate
1226 3225 1286 3288 im·

167 3315 290 3398 periali
314 3313 449 3395 dicutur,
466 3313 550 3378 bauo
565 3334 629 3378 uou
646 3319 719 3378 aute
735 3335 765 3377 a.
784 3319 858 3377 962.
875 3313 1026 3394 scriptam
1042 3333 1106 3378 esse
1122 3319 1255 3394 apparet
1264 3315 1285 3374 3.

168 3487 195 3557 1)
224 3488 266 3552 Of.
292 3489 325 3543 B.
350 3489 382 3540 de
406 3488 520 3554 Simsou,
545 3487 591 3546 (Ν,
610 3487 723 3539 Arcbia'
742 3487 806 3554 XV,
829 3505 859 3554 p.
878 3489 938 3542 569.
1038 3487 1065 3556 2)
1091 3485 1194 3555 Ingens
1219 3503 1287 3554 opus

120 3573 148 3614 ³5
167 3562 314 3626 coepturus
342 3558 386 3611 vel
417 3562 491 3612 certe
519 3557 664 3610 iteraturus
692 3589 727 3596 -
754 3574 819 3609 nam
846 3574 946 3626 magna
975 3575 1008 3610 ex
1035 3561 1113 3625 parte
1143 3561 1286 3625 peractum

168 3631 209 3682 est
235 3661 270 3669 —
295 3634 343 3682 toa
361 3629 451 3698 gratia
476 3628 607 3682 fulciatur
633 3672 638 3684 .
660 3672 664 3683 .
686 3672 691 3684 .
713 3671 718 3684 .
743 3635 957 3696 permaneatque
983 3645 1015 3680 ea
1040 3628 1184 3681 devotione
1210 3627 1286 3680 dedi-

168 3703 268 3766 catum,
294 3718 348 3768 qua
373 3705 415 3753 est
439 3701 580 3768 inceptum
603 3701 655 3767 (II,
678 3702 833 3768 praefat.);
858 3699 940 3752 Unde
967 3699 1068 3752 laboris
1097 3698 1183 3752 nostri
1209 3715 1286 3766 opus,

168 3771 242 3839 quod
261 3789 277 3824 a
296 3771 408 3824 diversis
426 3771 548 3824 moribus
567 3769 672 3824 diverse
696 3770 829 3838 accipitur
847 3771 917 3837 (III,
938 3772 1080 3837 praefat).
1124 3771 1165 3832 Cf.
1192 3771 1286 3837 Kbplce

165 3859 194 3910 p.
214 3845 249 3898 30
261 3860 299 3910 sq.
325 3847 374 3910 53;
400 3844 490 3895 Rauae
511 3860 540 3908 p.
561 3845 611 3909 193
637 3842 728 3908 Ebert,
754 3843 855 3896 ‘Gescla
881 3843 928 3893 der
953 3842 1008 3896 Li't.
1034 3844 1079 3894 das
1103 3842 1286 3894 Mittebatters'

118 3929 148 3968 40
168 3913 226 3980 III,
248 3931 278 3980 p.
297 3917 358 3970 428.
432 3916 459 3980 3)
480 3914 580 3965 Hauctc
597 3914 654 3979 III,
679 3930 706 3978 p.
725 3916 787 3978 311,
810 3931 836 3967 ω.
856 3915 880 3967 6.
917 3914 997 3964 Αωωο
1016 3916 1077 3968 966.
1115 3913 1286 3977 Maacaitats,

104 4036 110 4050 ,
168 3988 291 4052 quamuis
308 3985 489 4038 duodecimum
507 3991 719 4050 tautumuperet
744 4001 854 4049 cauum,
880 3985 1016 4036 abbatc'ssa
1036 3984 1288 4050 Quedb'uburpeusis

138 4081 142 4088 ·
167 4057 248 4114 electa
272 4062 311 4107 est
336 4064 359 4108 et
383 4059 525 4108 cmmtttuta
549 4057 633 4121 (Αωω.
659 4055 748 4118 Quat.
774 4071 800 4110 a.
820 4057 872 4110 966
899 4081 930 4098 =
956 4057 1029 4109 Aua.
1056 4055 1151 4120 Sauo).
1195 4056 1287 4107 Wr'du-

167 4127 290 4194 lriudum,
316 4130 365 4194 qui
382 4129 438 4194 ipsi
460 4129 561 4178 uimias
586 4127 678 4179 Iasides
703 4127 799 4177 tribuit
823 4127 870 4191 (cf.
897 4129 976 4178 etium
1000 4126 1058 4192 III,
1080 4129 1136 4192 12),
1161 4129 1287 4192 quautam
1322 4165 1325 4169 .

168 4199 251 4250 buius
270 4201 311 4250 ret
328 4200 433 4250 uultum
452 4200 518 4263 facit
536 4201 698 4262 maritimum,
719 4198 780 4249 ‘tum
798 4203 876 4249 autea
895 4197 993 4250 librum
1011 4214 1090 4250 suum
1108 4200 1133 4249 at
1156 4197 1287 4249 dedicasse

116 4283 147 4323 sb
163 4271 274 4337 pertarit
292 4270 418 4338 Respuet,
439 4269 553 4320 ‘Recuctt
571 4270 615 4321 das
633 4268 776 4321 historicus
794 4269 838 4321 des
858 4269 968 4322 Garclm'
988 4268 1068 4334 VIII,
1087 4286 1116 4335 p.
1136 4271 1196 4333 217,
1215 4284 1242 4322 ω.
1262 4284 1285 4322 a.
