3190 4868
301 313 354 368 124
749 311 969 366 WIDUKINDI

227 493 445 561 969.victoria
468 492 620 556 illustres
643 493 731 556 facti
754 494 790 556 et
813 491 932 577 spoliis
955 493 1108 556 hostium
1137 493 1262 557 ditati1
1286 495 1330 558 ad
1358 494 1419 557 im·

301 585 493 664 peratorem
517 583 644 646 reversi
667 584 758 644 sunt.

407 669 598 732 LXXIII.a
658 670 812 753 Populus
854 673 971 733 autem
1011 669 1419 753 Constantinopolitanae

301 752 465 823 audiensb
500 780 519 821 a
554 759 624 822 suis
659 759 748 824 male
779 759 1003 841 pugnatum²‚
1040 763 1328 822 consurrexerunt
1362 759 1419 822 ad·

301 867 418 912 versus
441 848 685 930 imperatorem
709 867 808 910 suum
833 849 868 910 et
892 847 1148 912 machinatione
1173 847 1328 930 coniugis
1345 868 1456 930 pro-5

301 937 395 1020 priae
413 936 591 999 cuiusdam
611 937 732 999 militis
748 935 882 998 insidiis
897 935 1109 1013 occiderunt,
1126 935 1270 1018 locoque
1287 936 1420 999 domini

174 1046 236 1092 (aa.
247 1047 291 1095 11).
301 1025 447 1090 militem
470 1025 634 1107 imperio⁰
661 1025 881 1106 designantes
891 1023 912 1084 ³.
953 1019 1194 1087 Constitutusd
1219 1027 1336 1088 autem
1358 1045 1421 1088 rex

302 1113 488 1177 contiuuo4
507 1114 660 1196 captivos
677 1113 835 1190 absolvit,
860 1113 1012 1194 puellam
1029 1134 1107 1176 cum
1123 1133 1248 1196 magno
1265 1113 1420 1176 exercitu

302 1205 337 1265 et
361 1201 461 1264 claris
485 1202 684 1265 muneribus
715 1202 759 1264 ad
789 1202 1030 1284 imperatorem
1062 1202 1259 1265 destinarit.
1307 1200 1419 1279 Quam

230 1291 373 1372 etaipse
397 1290 516 1353 statim
540 1290 611 1353 filio
634 1290 790 1366 tradidit,
816 1290 1065 1372 celebratisque
1088 1291 1270 1373 magnifice
1286 1291 1420 1373 nuptiis
1442 1313 1472 1352 ιο

301 1399 435 1442 omnem
475 1377 616 1442 Italiam
662 1399 765 1461 super
806 1378 871 1441 hoc
918 1382 953 1442 et
992 1377 1212 1442 Germaniam
1258 1378 1420 1442 laetiores
1590 1379 1592 1460 l

300 1467 463 1532 reddidit.
520 1467 571 1530 Eo
605 1469 770 1550 tempore,
806 1487 873 1549 quo
910 1469 995 1530 haec
1028 1467 1122 1530 intra
1152 1467 1292 1530 Italiam
1327 1487 1421 1550 gere·
1590 1461 1592 1474 ’

302 1556 438 1632 bantur,
465 1575 618 1618 summus
647 1555 806 1638 pontifex
831 1554 1102 1633 Wilhelmus⁰·⁵,
1134 1556 1187 1618 vir
1217 1555 1353 1638 sapiens
1385 1558 1420 1619 et

300 1645 461 1728 prudens,
487 1646 563 1727 pius
588 1646 624 1707 et
647 1644 780 1707 cunctis
805 1643 987 1718 affabilis⁶‚
1013 1665 1033 1706 a
1053 1647 1151 1727 patre
1169 1644 1235 1706 sibi
1251 1664 1420 1708 commen·

301 1733 422 1796 datum
445 1733 588 1813 regebat
612 1733 822 1796 Francorum
845 1732 1038 1814 imperium.
1443 1754 1472 1793 15

408 1814 619 1884 LXXIIII.f
669 1819 775 1883 Ouios
806 1826 925 1898 mater,
958 1821 1040 1884 licet
1065 1821 1247 1904 peregrina
1259 1820 1278 1898 ⁷,
1310 1821 1421 1885 nobili

300 1913 418 1974 tamen
442 1912 539 1973 eratg
557 1930 682 1992 genere
706 1913 895 1992 procreata.
935 1909 1002 1973 Hic
1027 1930 1105 1972 cum
1129 1910 1283 1973 audisset
1305 1930 1421 1992 aegro·

230 2011 290 2063 968.
301 2001 375 2061 tare
415 1999 566 2081 coepisse
612 2002 757 2062 matrem
795 1997 1027 2080 imperatorie,
1075 1998 1182 2061 mirae
1224 1997 1420 2061 sanctitatis

301 2087 476 2159 feminam,
507 2087 644 2151 nomine
675 2078 943 2163 mahthildam&
976 2087 1126 2168 dumque
1157 2086 1230 2149 eius
1259 2089 1421 2168 expectat

175 2175 416 2252 (nanasafunus,
441 2176 578 2258 proprio
601 2175 724 2238 funere
747 2175 854 2256 ipsius
878 2175 984 2237 funus
1007 2168 1198 2257 procediti.
1245 2175 1299 2238 De
1322 2175 1420 2238 cuius
1441 2197 1471 2236 so

302 2257 427 2326 laudek
454 2265 483 2326 si
510 2263 640 2344 aliquid
665 2264 778 2328 dicere
803 2264 969 2346 cupimus,
995 2263 1182 2338 deficimus,
1214 2265 1296 2344 quia
1319 2283 1420 2327 omne

303 2354 543 2434 argumentum
590 2352 758 2434 ingenioli
803 2352 913 2415 nostri
959 2355 1100 2435 superat
1142 2352 1252 2414 virtus
1298 2355 1419 2416 tantae

302 2440 462 2504 feminae.
510 2440 594 2518 Quis
619 2441 709 2504 enim
741 2441 844 2523 digne
875 2441 982 2523 possit
1013 2440 1184 2523 explicare
1215 2433 1306 2504 eius¹
1336 2441 1419 2522 vigi-

302 2528 447 2592 lantiam
478 2550 560 2613 erga
594 2530 727 2593 cultum
758 2528 937 2592 divinum?
990 2527 1109 2592 Omnis
1140 2528 1229 2591 norr8
1259 2529 1419 2592 omnibus

302 2619 412 2681 modis
443 2622 478 2682 et
510 2619 603 2681 omni
634 2638 759 2702 genere
791 2617 951 2682 cellulam
987 2637 1084 2680 suam
1120 2617 1315 2680 divinorum
1350 2637 1419 2680 car·
1439 2639 1469 2676 aa

302 2709 433 2769 minum
469 2707 617 2770 melodia
648 2706 814 2788 inplebat.
874 2705 958 2768 Erat
988 2705 1079 2768 enim
1115 2707 1176 2769 eim
1206 2704 1332 2769 cellula
1366 2726 1419 2769 ec-

303 2795 426 2859 clesiae
461 2797 628 2878 proxima,
663 2795 700 2857 in
731 2815 798 2877 qua
829 2795 962 2858 modice
990 2795 1241 2876 requiescebat,
1278 2795 1321 2858 de
1352 2815 1420 2875 qua

261 2901 264 2907 ’
302 2884 460 2947 omnibus
490 2884 650 2947 noctibus
681 2903 889 2965 consurgens
919 2883 1028 2946 intrat
1055 2883 1244 2960 ecclesiam,
1275 2883 1419 2946 nichilo·

302 2971 415 3034 minus
439 2971 636 3036 cantoribus
660 2976 695 3036 et
720 2971 949 3036 cantricibusn
975 2972 1069 3034 intra
1099 2971 1260 3036 cellulam
1291 2975 1327 3035 et
1357 2992 1420 3055 pro

301 3141 325 3194 a)
344 3144 458 3186 LXXIIII.
472 3145 494 3186 0.
561 3145 584 3190 b)
602 3144 674 3183 asnis
688 3141 782 3183 audiens
796 3145 842 3186 Ba.
860 3165 887 3172 —
906 3143 934 3182 In
947 3143 985 3181 Bl
1000 3144 1055 3190 folia
1069 3144 1140 3182 exciso
1154 3154 1209 3193 quae
1223 3147 1341 3192 sequuntur
1354 3153 1421 3193 uaqtoe
1439 3145 1470 3184 30

302 3197 331 3234 ad
354 3197 419 3235 rerba
442 3198 540 3236 externis
563 3202 643 3236 cuncta
665 3201 725 3236 rotro
748 3199 775 3244 (e.
796 3197 890 3246 LXXV,
910 3208 934 3245 p.
953 3197 998 3246 126,
1021 3197 1036 3238 l.
1054 3198 1090 3242 17)
1112 3198 1270 3238 desiderantur.
1352 3195 1372 3246 c)
1396 3198 1420 3236 in

301 3251 393 3298 imperio
407 3251 454 3292 Ba.
521 3251 543 3298 d)
561 3251 673 3290 Constitue
689 3251 711 3293 0.
778 3253 799 3298 e)
816 3248 846 3288 e'r'c
860 3251 881 3290 h.
895 3251 909 3292 l.
923 3250 970 3291 ΒΞ.
984 3250 1007 3288 0.
1070 3251 1089 3298 f)
1108 3251 1194 3293 LXXV.
1208 3250 1231 3292 G.
1293 3249 1316 3299 g)
1334 3261 1420 3300 genere

302 3307 350 3341 erat
363 3303 410 3345 Bt.
469 3302 492 3354 h)
511 3301 642 3342 Mathildam
656 3304 702 3344 Be,
718 3303 741 3342 0.
803 3302 819 3352 i)
838 3303 952 3352 praecedit
965 3303 1013 3341 Bi.
1074 3303 1098 3351 lr)
1116 3303 1183 3343 laude
1197 3314 1239 3346 om.
1252 3303 1276 3344 O.
1336 3303 1353 3352 l)
1371 3303 1420 3342 eius

303 3366 343 3398 om.
358 3356 381 3398 Ο.
435 3357 465 3403 m)
479 3356 500 3395 ei
516 3368 557 3396 om.
573 3357 595 3398 0.
649 3356 906 3404 narrandumne.

302 3498 329 3563 1)
344 3495 448 3548 Eadem
460 3499 515 3562 fere
526 3497 604 3549 verba
617 3500 646 3549 in
660 3497 757 3551 ceron.
771 3498 876 3552 Salern.
893 3513 914 3548 c.
928 3499 995 3552 173:
1012 3495 1218 3563 auferentesque
1233 3496 1320 3564 spolia
1331 3496 1420 3548 multa
1439 3511 1469 3550 ec

301 3565 381 3620 ditati
400 3571 462 3619 sunt
479 3567 566 3623 valde.
660 3568 687 3636 2)
714 3569 756 3632 Cf.
782 3584 868 3636 supra
889 3585 919 3635 p.
938 3571 981 3632 31,
1005 3573 1021 3622 l.
1043 3569 1091 3622 lc:
1116 3567 1241 3620 Audiens
1260 3571 1351 3619 antem
1370 3583 1421 3619 rex

300 3639 373 3692 malo
400 3643 553 3707 pugnatum
581 3655 597 3690 a
625 3638 716 3694 fratre.
759 3639 853 3690 Necem
877 3639 1022 3704 Nicephori
1047 3639 1098 3688 illa
1121 3639 1196 3690 clade
1220 3645 1341 3690 exertam
1366 3653 1420 3690 esse

301 3716 394 3762 auctor
407 3727 552 3776 perperam
570 3712 683 3763 coniecit.
774 3708 802 3778 3)
822 3709 989 3776 Nicephorus
1006 3708 1119 3776 Pheras,
1139 3711 1288 3775 imperator
1306 3711 1368 3761 inde
1385 3709 1421 3760 ab

301 3784 362 3845 963,
380 3783 477 3833 ¹actoris
495 3781 660 3846 Theophane
678 3779 785 3833 insidiis
802 3798 820 3831 a
838 3781 957 3833 Iohanne
976 3781 1109 3832 Teimiske
1127 3786 1200 3832 nocte
1217 3797 1248 3831 ea
1266 3795 1332 3846 quae
1350 3781 1421 3831 diem

303 3854 344 3905 11.
357 3853 418 3906 Dec.
432 3854 491 3906 969.
507 3853 644 3919 praeeedit
656 3853 754 3902 oceism
769 3859 806 3903 eet
813 3868 825 3915 ;
842 3851 977 3903 Iohannes
989 3853 1053 3918 imp.
1072 3854 1230 3903 conmeatus
1247 3850 1420 3918 Theophane,
1439 3863 1471 3902 ao

300 3925 398 3974 axoris
415 3937 480 3974 suae
497 3929 606 3990 neptem,
626 3921 745 3974 Romani
756 3922 794 3977 II.
813 3921 907 3987 filiam,
926 3923 1085 3975 transmisit.
1118 3922 1160 3986 Of,
1179 3921 1285 3988 Ublira,
1299 3923 1420 3986 ‘Byzan-

301 3993 409 4044 tinisebe
428 3993 567 4048 Zanclen)
586 3994 606 4043 I
608 3994 638 4059 V,
661 4011 689 4060 p.
708 3995 760 4047 467
773 4009 828 4060 sqq.
904 3995 932 4060 4)
954 3995 1035 4044 Anno
1052 3993 1156 4044 demum
1174 3995 1234 4047 972.
1307 3992 1336 4061 ὁ)
1354 3993 1421 4044 Sne·

302 4069 413 4114 cessant
434 4063 577 4116 Friderr‘co
601 4081 627 4118 a.
647 4066 707 4118 954.
789 4067 816 4130 6)
843 4061 885 4126 Cf.
907 4079 993 4130 cupra
1016 4081 1043 4130 p.
1064 4065 1107 4125 61,
1133 4063 1150 4118 l.
1171 4065 1204 4118 13
1216 4079 1253 4130 sq.
1278 4064 1309 4114 de
1334 4063 1421 4114 Eber-

302 4133 388 4184 hardo
399 4133 476 4185 dacer
491 4133 605 4187 affabilis
617 4133 809 4188 mediocribus.
871 4133 899 4204 7)
912 4135 976 4189 Stil.
989 4135 1145 4196 Slarone'cm
1161 4134 1307 4188 Tbietrnar.
1319 4133 1361 4199 II,
1374 4135 1419 4190 35.

301 4203 390 4254 Natas
407 4211 445 4255 est
460 4205 615 4256 Wilbelmas
634 4222 659 4258 a.
673 4206 741 4272 9283
761 4206 834 4260 Cont.
848 4205 941 4271 Repia.
955 4205 981 4260 h.
996 4221 1020 4259 a.
1085 4203 1113 4274 8)
1128 4205 1169 4270 Cf.
1184 4206 1245 4257 Vna
1257 4205 1420 4257 Memnona
1438 4217 1468 4256 aa

301 4273 352 4326 rec.
371 4290 391 4329 c.
412 4278 454 4340 10,
474 4275 522 4328 SS.
541 4275 594 4340 IV,
612 4292 642 4342 p.
661 4278 723 4330 290.
